2850 4684
976 375 1053 441 c.
1106 328 1440 444 PL1N1'1
1488 373 1712 442 NAT.
1765 327 2022 441 ms'T.

442 527 571 598 que
606 501 985 572 animalium
1026 506 1247 575 noxia.
1286 506 1506 574 Arbor
1543 490 1710 600 ipsa⁶
1740 506 2051 574 omnibus
2089 503 2307 575 horis⁷
2349 504 2578 598 pomi-

444 610 583 682 fera
612 623 752 697 est,
772 607 914 678 aliis
950 610 1373 698 cadentibuS‚
1410 610 1553 680 aliis
1581 610 2200 695 maturescentibus,
2237 609 2377 680 aliis
2403 633 2576 678 vero

446 716 1003 784 subnascentibus.
1040 720 1406 786 Tentavere
1443 732 1670 812 gentes
1705 717 2062 786 transferre
2103 715 2188 786 ad
2221 741 2362 786 sese
2405 741 2575 812 pro-

446 835 597 917 pter
623 821 891 890 remedii
927 824 1371 916 praestantiam
1406 823 1714 902 fictilibus
1749 825 1819 892 in
1859 825 2063 909 vasiS‚
2103 823 2260 892 dato
2303 846 2426 917 per
2459 845 2572 890 ca-

446 915 721 1010 vernas⁸
766 925 1095 997 radicibus
1124 930 1528 1024 spiramento
1563 956 1580 998 z
1626 929 1908 1024 qualiter
1949 930 2172 998 omnia
2211 931 2578 998 transitura.

446 1031 701 1128 longius
732 1035 861 1104 seri
886 1035 1247 1105 arctissime
1278 1037 1749 1131 transferrique
1779 1037 2150 1105 meminisse
2183 1035 2576 1116 conveniet,

450 1154 525 1208 ut
558 1138 751 1210 semel
790 1163 1069 1234 quaeque
1100 1141 1421 1210 dicantur.
1473 1143 1602 1211 Sed
1653 1144 1780 1212 nisi
1817 1141 1996 1238 apud
2043 1139 2354 1228 Medos⁹‚
2395 1154 2463 1209 et
2499 1141 2574 1208 in

448 1245 735 1332 Perside,
780 1241 970 1315 nasci
996 1245 1224 1316 noluit.
1286 1251 1446 1320 Haec
1495 1263 1594 1318 est
1633 1264 1891 1335 autem,
1931 1247 2118 1341 cujus
2160 1271 2364 1342 grana
2409 1247 2576 1314 Par-

454 395 537 444 12

408 1365 417 1372 '
447 1351 709 1430 thorum
736 1376 1045 1446 proceres
1070 1355 1421 1448 incoquere
1443 1354 1726 1424 diximus
1745 1353 1795 1378 ‘⁰
1825 1352 2207 1438 esculentiS‚
2239 1375 2582 1423 commen-

448 1458 647 1528 dandi
672 1457 913 1527 halitus
946 1461 1172 1554 gratia.
1212 1461 1357 1530 Nec
1390 1459 1518 1529 alia
1553 1460 1754 1530 arbor
1785 1459 2092 1528 laudatur
2118 1461 2186 1527 in
2226 1459 2459 1527 Medis.

552 1565 732 1633 VIII.
778 1565 1140 1659 Lanigeras
1178 1567 1411 1635 Serum
1455 1567 1523 1635 in
1558 1569 1892 1636 mentione
1930 1567 2143 1661 gentis
2171 1565 2312 1659 ejus
2349 1589 2577 1636 narra-

382 1751 389 1757 ,
446 1667 703 1740 νίιιιυε“.
730 1659 767 1760 (
784 1661 921 1760 iv.)
948 1675 1119 1740 Item
1146 1670 1386 1743 Indiae²
1427 1674 1740 1743 arborum
1769 1671 2308 1767 magnitudinem.
2346 1673 2576 1742 Unam

422 1831 431 1838 ‘
530 1829 583 1878 6.
615 1826 773 1878 Arbor
811 1829 931 1956 Ἐκ.
975 1825 1217 1894 Solinus,
1262 1827 1459 1900 aliique
1546 1828 1770 1883 ramina.
1827 1827 2066 1881 Breviter
2115 1825 2520 1896 Theophrastus
2557 1847 2576 1880 :

447 1901 611 1958 modo
637 1907 792 1960 citati.
874 1925 1003 1960 ann.
1545 1910 1615 1969 εἶς
1634 1910 1856 1978 ὄστρακα
1875 1902 2243 1976 &tarsi-punem
2258 1945 2275 1973 ‚
2300 1932 2322 1954 κ
2346 1906 2402 1958 in
2434 1907 2578 1960 vasis

532 2001 585 2055 7.
619 1985 841 2038 Omnibus
876 1987 1021 2040 horis.
1038 1987 1156 2040 Hoc
1182 1999 1259 2040 est
1276 2027 1293 2051 ,
1323 2005 1459 2058 quo·

450 2083 673 2138 cumque
692 2065 819 2118 anni
853 2079 1123 2137 tempore;
1150 2066 1461 2138 Theophra-

450 2156 591 2197 stus:
622 2149 780 2200 πέσαν
810 2147 955 2216 ὤραν.
984 2144 1317 2200 Dioscorides
1342 2166 1357 2198 ε
1387 2141 1460 2199 δι’

332 2261 337 2266 -
451 2223 558 2276 ὅλου
597 2227 839 2286 τοῦὲτους.
862 2225 1147 2296 Eleganter
1176 2223 1459 2290 Palladius,

450 2303 545 2357 lib.
568 2305 668 2369 IV,
684 2303 737 2357 in
758 2305 971 2370 Martio,
1004 2305 1097 2359 tit.
1121 2324 1212 2364 ιο,
1242 2324 1360 2376 cap.
1390 2303 1459 2358 de

450 2383 619 2436 citreo
649 2401 662 2436 :
692 2407 709 2428 ι
726 2385 926 2438 Asserit
954 2384 1222 2455 Gargilius
1242 2385 1492 2438 Martia--

450 2462 543 2527 lis,
573 2461 773 2535 inquit,
812 2461 952 2536 apud
994 2464 1241 2537 Assyrios
1283 2464 1460 2536 pomis

450 2543 589 2595 hanc
637 2543 871 2598 arborem
908 2562 1019 2596 non
1065 2562 1271 2610 ουτοι-ες
1310 2542 1458 2614 quod

452 2641 551 2692 ego
578 2622 637 2675 in
682 2621 915 2678 Sardinia
936 2665 953 2688 ‚
990 2635 1045 2677 et
1084 2623 1163 2688 in,
1186 2624 1457 2677 territorio

452 2701 795 2774 Neapolitano
831 2703 889 2757 in
929 2701 1111 2758 fundis
1146 2704 1277 2756 meis
1308 2721 1456 2756 com-

450 2781 600 2852 peri,
621 2783 811 2855 quibus
832 2783 1003 2836 solum
1032 2795 1087 2835 et
1110 2782 1299 2836 celum
1325 2784 1459 2854 tepi-

451 2860 579 2914 dum
616 2875 692 2916 est
710 2877 793 2929 ,et
822 2864 1017 2916 humor
1038 2861 1308 2916 exundans
1328 2879 1341 2914 :
1362 2881 1461 2933 per

450 2940 645 3012 gradus
672 2941 919 3012 qmsdam
946 2940 1040 2995 sibi
1074 2959 1285 3012 semper
1300 2961 1461 3013 poma

418 3021 423 3026 ’
450 3018 937 3093 succedere‚quum
950 3021 1171 3074 maturis
1196 3040 1251 3073 se
1268 3021 1462 3074 acerba

452 3100 798 3167 substituant;
832 3103 1144 3156 acerborum
1180 3119 1308 3155 vero
1339 3113 1462 3154 aeta·

452 3190 558 3233 tem
578 3179 811 3234 florentia
841 3193 1247 3252 consequantur.
1275 3182 1464 3234 orbem

450 3259 733 3331 quemdam
798 3261 1066 3314 continua
1124 3259 1463 3314 fecunditatis

451 3340 549 3392 sibi
596 3341 919 3396 ministrante
954 3331 1159 3395 natura.
1183 3367 1205 3388 ιι
1258 3339 1462 3393 Plinius

450 3439 610 3472 omnes
658 3419 793 3473 horas
841 3439 991 3473 more
1043 3437 1213 3492 groeco
1260 3417 1395 3473 dixit
1443 3438 1457 3472 ε

458 3525 482 3548 ι
502 3517 625 3552 nam
651 3501 843 3554 annalia
872 3511 1110 3570 tempora,
1136 3498 1314 3569 inquit
1333 3497 1462 3552 Coel.

452 3579 705 3632 Aurelius
724 3579 815 3632 lib.
854 3581 970 3645 111,
996 3597 1110 3651 cap.
1134 3579 1190 3644 8,
1220 3577 1323 3630 hoc
1352 3589 1463 3640 est,

452 3678 547 3712 ver
565 3697 581 3722 ,
637 3671 895 3724 estatem,
938 3671 1253 3712 autumnum
1302 3669 1462 3728 atque

451 3737 679 3791 hiemem
698 3777 715 3804 ‚
751 3737 918 3792 Groeci
952 3739 1091 3790 horas
1124 3736 1406 3810 appellant.
1430 3761 1453 3782 ι

448 3815 655 3870 Plinius
681 3816 792 3886 ipse
822 3817 913 3870 lib.
946 3817 1058 3880 IX,
1088 3835 1203 3888 cap.
1236 3817 1341 3879 54.
1372 3834 1464 3886 ge·

448 3897 621 3950 uitalis
646 3896 771 3948 anni
794 3897 987 3963 loomin,
1010 3915 1112 3967 pro
1140 3914 1299 3948 verna
1328 3909 1460 3948 tem·

448 3989 644 4046 pestate
664 3973 814 4028 dixit.
844 3977 1020 4030 Hsnn.

532 4059 583 4108 8.
614 4057 712 4108 Per
734 4075 967 4110 cavemus.
994 4055 1095 4110 Per
1116 4075 1357 4110 vasorum
1386 4055 1462 4108 so·

1542 1987 1849 2059 perforatis.
1867 2011 1890 2032 ι
1931 1987 2118 2038 Hanno.

1624 2086 1677 2137 9.
1705 2067 1821 2120 Nisa·
1837 2055 1972 2134 apud
1990 2065 2177 2118 Medos.
2199 2063 2431 2127 Solinus,
2461 2065 2572 2120 loc.

1543 2145 1630 2198 cit.
1667 2147 1740 2199 At
1778 2142 1999 2197 Palladii
2043 2143 2388 2215 postmodum
2439 2143 2574 2197 dili-

1518 2225 1722 2300 ,gentia
1742 2224 1798 2276 in
1823 2224 1972 2278 ltalia
1988 2225 2144 2278 arbos
2171 2243 2232 2278 ea
2257 2223 2524 2277 convaluit
2549 2263 2568 2288 ,

1549 2317 1711 2377 atque
1742 2303 1848 2358 alio
1882 2302 2014 2357 inde
2061 2315 2362 2376 propagata.
2407 2305 2574 2358 Conf-

1549 2404 1667 2456 sup.
1695 2395 1807 2437 not.
1846 2401 1898 2454 7.
1929 2383 2109 2436 Hsan.

1628 2483 1712 2517 ro.
1761 2465 2017 2535 lucoqueoe
2069 2461 2292 2516 diximus.
2350 2463 2476 2515 Hoc
2528 2482 2564 2516 a

1541 2543 1941 2615 Theophrasto,
1967 2543 2060 2594 lib.
2093 2543 2195 2606 IV,
2217 2559 2333 2614 cap.
2353 2547 2415 2606 4,
2449 2561 2575 2594 mu-

1545 2636 1717 2676 tuatus
1739 2635 1815 2676 est
1829 2623 2043 2686 Noster,
2063 2634 2116 2676 ct
2128 2621 2414 2674 Athenaeus
2427 2619 2574 2674 libro

1544 2703 1647 2768 111,
1679 2721 1794 2774 cap.
1834 2706 1925 2756 26.
1949 2701 2104 2773 Virg.
2131 2719 2348 2773 quoque
2362 2701 2567 2771 Georg.

1544 2782 1628 2846 11,
1663 2799 1766 2836 vss.
1814 2783 1923 2846 134
1967 2794 2022 2835 et
2060 2782 2198 2836 135:
2233 2803 2254 2824 ι
2287 2780 2488 2832 animas
2513 2793 2576 2834 et

1541 2861 1740 2914 olentia
1761 2861 1907 2914 Medi
1937 2861 2048 2913 Ora
2069 2861 2252 2912 fovent
2277 2859 2391 2924 illo,
2417 2871 2471 2910 et
2489 2876 2577 2910 se-

1543 2941 1704 2995 nibus
1731 2939 2068 2995 medicantur
2093 2937 2306 2992 anhelis.
2332 2963 2355 2984 ·
2390 2937 2456 2990 H.
2486 2967 2573 2980 —-

1549 3021 1701 3091 Cujus
1733 3041 1926 3092 grana,
1972 3032 2073 3072 etc.
2113 3017 2300 3088 Margo
2330 3018 2457 3069 Var.
2495 3034 2574 3070 ex

1546 3101 1886 3172 Dalecampio
1899 3139 1916 3165 ‚
1937 3100 2185 3160 cot-tieem5
2209 3095 2570 3150 consentiente

1544 3181 1892 3251 Theophrast.
1917 3178 2021 3231 loc.
2037 3176 2284 3247 proxime
2304 3175 2450 3230 laud.
2473 3176 2571 3228 ubi

1547 3259 1707 3330 vulgo
1745 3260 1957 3330 legunt,
1999 3261 2056 3310 τὸ
2093 3258 2258 3320 (finem
2278 3296 2295 3320 ,
2337 3253 2569 3309 exterio·

1543 3357 1658 3391 rem
1690 3337 1800 3390 scil.
1829 3338 2032 3390 fructus
2051 3348 2256 3407 partem
2275 3373 2291 3400 ,
2313 3335 2425 3388 sive
2449 3353 2567 3388 cor·-

1545 3417 1702 3470 ticem
1732 3438 1743 3468 :
1787 3415 1990 3470 Plinius
2018 3430 2196 3470 tamen
2227 3413 2294 3468 de
2325 3414 2532 3468 Parthis
2551 3454 2567 3480 ,

1543 3495 1638 3550 lib.
1666 3516 1842 3569 super.
1866 3514 1982 3568 cap.
2014 3514 2035 3548 1
2055 3497 2118 3550 15
2142 3513 2155 3548 ε
2191 3492 2317 3548 «sed
2331 3495 2429 3548 sibi
2452 3513 2571 3564 pro·

1543 3595 1688 3630 ceres
1713 3575 1994 3629 medentur
2015 3595 2172 3646 grano
2193 3574 2395 3648 Assyrii
2409 3573 2530 3628 mali
2549 3609 2566 3636 ,

1544 3657 1695 3727 cujus
1706 3668 1783 3709 est
1795 3655 2417 3726 suavitaspraecipua‚etc.
2429 3680 2452 3701 ι
2463 3655 2566 3706 En.

1625 3735 1779 3790 VIII.
1809 3755 1858 3789 1.
1891 3735 2156 3806 LanIgems
2179 3733 2345 3788 Serum
2457 3752 2570 3784 nar·

1547 3819 1770 3868 ravimus.
1796 3814 1962 3868 Libro
1981 3817 2090 3880 VI,
2125 3833 2240 3886 cap.
2278 3831 2361 3868 ao.
2387 3813 2566 3864 Hsnn.

1547 3927 1627 3939 -—
1657 3897 1737 3950 De
1773 3896 2022 3965 lanigeris
2063 3895 2250 3948 Serum
2285 3892 2568 3944 arboribus

1550 3975 1673 4029 vide
1701 3979 1829 4029 Exc.
1851 3977 1906 4027 11
1929 3975 1994 4028 ad
2026 3975 2184 4028 finem
2209 3973 2321 4043 huj.
2343 3970 2438 4024 lib.
2465 3972 2567 4022 En.

1636 4077 1687 4111 2.
1716 4056 1832 4109 Item
1863 4055 2016 4108 Indica
2036 4055 2256 4107 arborum
2281 4049 2574 4121 magnitudi-
