2850 4684
442 297 587 380 414
993 293 1071 360 C.

1124 293 1462 361 PLINII
1512 293 1722 360 NAT.
1773 291 2022 360 HIST.

374 512 383 522 ,
444 432 723 512 siccata,
760 427 853 494 ita
892 449 978 494 ne
1006 439 1339 495 nocturno
1376 451 1529 494 rore
1559 427 2062 554 contingantur,
2101 419 2472 562 suspendi:
2517 437 2600 494 et

446 559 651 630 quum
678 479 879 602 libeat
908 533 1039 614 uti,
1064 555 1233 624 aqua
1259 531 1434 602 dulci
1469 517 2154 660 ρεει·1ιιί3.Μ.νεα-το·ί
2193 532 2360 599 etin
2391 531 2596 600 doliis

448 663 683 710 arenae
724 639 973 709 servari
1009 639 1263 730 jubetz'
1292 655 1359 707 et
1401 623 1798 706 immatura⁵
1849 637 2044 705 obrui
2098 652 2273 705 terra
2329 641 2399 705 in
2443 636 2596 706 ollis

452 747 659 818 fundo
682 745 1005 828 είΐιειοῑο,
1038 745 1151 813 sed
1176 747 1407 839 spiritu
1443 728 1754 813 excluso⁶
1771 795 1789 828 ,
1822 767 1902 812 ac
1926 741 2194 811 surculo
2217 745 2365 837 pice
2393 742 2596 812 illito·

450 857 541 923 sic
574 854 773 922 etiam
810 875 1105 920 crescere
1148 851 1580 980 amplitudine
1624 849 1909 943 maj0re‚
1953 873 2152 942 quam
2183 850 2537 943 possint⁷
2523 875 2594 917 m

450 960 705 1028 arbore.
746 961 999 1027 Caetera
1044 944 1257 1026 ῐῐιῑιΙει8
1290 957 1462 1026 foliis
1502 955 1797 1042 ficulnis,
1833 971 2270 1049 praeterquam
2303 955 2592 1038 cadiviS‚

403 1064 711 1158 singula
742 1063 1051 1132 convolvi
1070 1065 1423 1158 ,cistisque
1453 1062 1750 1132 vitilibus
1764 1061 2000 1149 condi,
2035 1060 2138 1130 vel
2169 1061 2392 1131 creta⁹
2431 1060 2592 1155 figli-

455 1196 693 1239 narum
731 1169 911 1237 illini.

561 1280 714 1346 Pira
757 1277 823 1342 in
854 1277 1025 1344 vasis
1060 1273 1369 1346 fictilibus
1410 1277 1647 1369 picatis
1682 1275 1958 1342 inversis
1993 1273 2188 1342 obrui
2216 1274 2396 1341 inter
2426 1297 2591 1341 scro-

456 1384 571 1453 bes
590 1383 627 1450 ¹.

464 1573 700 1626 «Poeuus
736 1567 967 1642 ,quidem
1022 1569 1178 1640 Mago
1239 1569 1484 1641 praecipit

455 1671 647 1726 aquam
674 1652 933 1704 marinam
976 1649 1312 1702 vehementer
1346 1647 1482 1701 cale-

456 1733 606 1796 fieri,
639 1745 692 1784 et
724 1732 779 1783 in
818 1749 878 1782 ea
914 1730 1049 1782 mala
1095 1741 1343 1800 granata,
1373 1728 1486 1782 lino

389 1879 397 1883 ι
462 1825 705 1884 spartove
732 1811 959 1880 illigata,
993 1811 1211 1878 paulum
1250 1808 1486 1870 demitti,

460 1891 590 1944 dum
616 1889 989 1943 decolorentur
1014 1907 1027 1941 :
1055 1903 1105 1942 et
1122 1901 1363 1959 exempta
1390 1907 1488 1960 per

462 1969 700 2024 triduum
732 1971 787 2021 in
816 1967 923 2020 sole
944 1969 1125 2021 siccari
1150 1987 1164 2022 :
1202 1981 1383 2038 postea
1410 1969 1490 2020 lo-

462 2071 525 2104 co
551 2047 747 2120 frigido
791 2047 1071 2117 suspendi:
1103 2063 1156 2100 et
1198 2066 1363 2118 quum
1404 2065 1492 2098 res

462 2129 725 2200 exegerit,
782 2145 886 2178 una
936 2140 1092 2179 nocte
1111 2167 1127 2190 ‚
1176 2141 1228 2179 et
1276 2137 1489 2196 postero

463 2207 580 2273 die,
624 2224 797 2277 usque
848 2205 905 2255 in
948 2224 1061 2256 eam
1108 2206 1325 2265 horam,
1384 2223 1490 2274 qua

464 2287 624 2341 fuerit
653 2283 911 2338 utendum
929 2321 945 2348 ,
967 2303 1102 2354 aqua
1133 2282 1322 2354 frigida
1342 2282 1489 2336 dulci

464 2365 767 2421 macerari.»
796 2361 993 2416 Eadem
1024 2363 1182 2416 habet
1204 2361 1491 2428 Palladius,

364 2485 385 2498 ,
462 2449 555 2502 lib.
585 2447 663 2498 IV
702 2445 759 2497 in
784 2442 1005 2512 Martio,
1052 2443 1133 2498 tit.
1170 2463 1265 2509 10,
1301 2461 1357 2514 p.
1394 2443 1489 2514 93.

468 2530 652 2582 Halm.

549 2608 603 2662 3.
627 2608 777 2679 Aqua
807 2605 939 2656 dulci
954 2605 1131 2676 perlui.
1154 2601 1307 2656 Idem
1334 2603 1495 2657 Colu-

468 2688 590 2742 mel.
621 2686 742 2739 loco
761 2685 942 2738 citato.
974 2687 1116 2738 Du„

548 2775 600 2832 4.
644 2767 720 2818 Μ.
754 2765 810 2816 V
803 2785 915 2817 arro
958 2777 1005 2816 et
1050 2768 1099 2816 ἱπ
1146 2765 1290 2816 doliis
1332 2782 1494 2815 arenoe

467 2851 647 2900 servari
680 2845 835 2916 jubet.
885 2845 967 2908 Ita
1003 2863 1148 2898 nunc
1194 2844 1392 2914 legitur
1437 2843 1494 2894 in

466 2927 615 2979 lib.1
640 2924 949 2977 deR.R.c.
978 2923 1082 2994 59,
1108 2943 1164 2996 p.
1188 2941 1296 2994 71:
1334 2951 1355 2970 ι
1382 2923 1496 2974 Ma-

467 3007 518 3058 la
546 3005 745 3076 punica
775 3002 1015 3056 demissis
1046 3003 1410 3062 suis,surculis
1437 3003 1496 3054 in

468 3083 613 3137 dolio
632 3101 821 3135 arenae·
836 3107 857 3128 ι
884 3082 971 3134 Sic
986 3083 1144 3135 etiam
1160 3094 1305 3136 auct.
1320 3083 1492 3151 Geop.

469 3164 506 3217 l.
538 3181 585 3216 c.
610 3161 793 3214 Hmn.

555 3240 607 3294 5.
657 3243 733 3293 Ee
784 3245 1054 3292 immatura.
1098 3241 1310 3305 Vari-0,
1358 3243 1395 3294 l.
1446 3261 1492 3294 c.

476 3283 727 3374 «Etiam
713 3333 994 3373 immatura
1023 3339 1187 3398 quum
1216 3321 1454 3374 haerent'
1439 3340 1496 3372 m

471 3419 565 3454 sua
600 3400 773 3470 virga,
812 3411 863 3452 et
909 3391 1185 3452 demiseris
1230 3403 1283 3452 in
1332 3401 1494 3453 ollam

472 3483 581 3534 sine
596 3479 790 3544 fund0‚
815 3497 1037 3549 eamque
1058 3480 1102 3532 si
1125 3480 1412 3552 conjeceris
1439 3480 1498 3532 in

474 3573 699 3625 terram,
748 3572 799 3612 et
838 3559 1049 3612 obteres
1086 3561 1223 3612 circa
1252 3578 1492 3624 ramum,

472 3639 514 3691 si
544 3639 882 3692 .extrinsecus
938 3639 1153 3708 spiritus
1205 3639 1378 3702 afflet,
1435 3657 1494 3690 ea

472 3737 581 3771 non
610 3715 767 3770 modo
788 3719 989 3788 integra
1013 3719 1207 3784 eximi,
1228 3717 1320 3772 sed
1334 3719 1494 3770 etiam

444 3791 697 3868 'major-n,
728 3817 886 3869 quam
923 3798 979 3850 in
1026 3799 1215 3852 arbore
1257 3815 1497 3868 unquam

478 3877 881 3950 pependerint.-
910 3877 1089 3930 Ηᾼιιυ.

694 1383 1050 1450 Tarentina
1094 1383 1417 1451 serissime
1471 1380 1618 1474 legi.
1679 1377 2040 1448 Aniciana²
2103 1380 2356 1448 servari
2399 1392 2468 1446 ct
2525 1382 2592 1446 iu

1647 1573 1697 1622 6.
1747 1569 1934 1638 Spiritu
1993 1569 2200 1622 excluso.
2259 1571 2345 1623 Ne
2406 1583 2596 1623 ventus

1565 1647 1728 1702 afflet.
1759 1649 1941 1702 Han.

1645 1748 1701 1799 7.
1743 1731 1902 1797 Quam
1935 1733 2141 1798 possint.
2199 1729 2288 1782 Sic
2332 1749 2402 1782 ex
2439 1729 2596 1783 MSS.

1565 1825 1668 1860 em.
1691 1806 1858 1860 Hard.
1885 1827 2031 1862 cons.
2057 1807 2241 1862 chiffl.
2263 1823 2470 1880 possunt
2488 1811 2588 1864 Gr.

1567 1901 1620 1940 et
1643 1888 1728 1940 Al.
1749 1888 1856 1940 Eo.

1652 1969 1703 2020 8.
1775 1967 1964 2020 Cetera
2035 1967 2182 2020 mala.
2261 1968 2594 2030 Columella,

1568 2045 1662 2099 lib.
1691 2047 1828 2111 XII,
1854 2066 1968 2116 cap.
2005 2047 2075 2109 45
2095 2085 2110 2111 ,
2135 2065 2193 2118 p.
2225 2049 2370 2110 450:
2400 2075 2424 2096 ι
2451 2049 2600 2102 Non-

1569 2127 1704 2178 nulli
1721 2127 1862 2178 foliis.
1882 2126 2344 2196 ficulneisilligant
2365 2167 2382 2194 ‚
2399 2127 2600 2181 deinde

1569 2219 1763 2258 cretam
1833 2205 2104 2276 figulat-‘em
2181 2225 2302 2259 cum
2387 2226 2602 2262 amurca

1569 2285 1850 2356 subigunt,
1875 2299 1928 2338 et
1961 2305 2022 2338 ea
2054 2285 2232 2339 linunt
2275 2287 2442 2353 mala,
2485 2307 2602 2358 qua

1571 2383 1738 2435 quum
1790 2365 1979 2419 siccata
2025 2378 2146 2417 sunt
2167 2405 2182 2427 ‚
2229 2367 2286 2418 in
2331 2367 2596 2428 tabulato,

1571 2443 1766 2514 frigido
1813 2444 1931 2498 loco
1983 2457 2038 2496 et
2079 2445 2216 2498 sicco
2271 2460 2602 2516 reponunt.»

1572 2523 1746 2576 Habet
1788 2523 1970 2576 eadem
2013 2523 2315 2591 Palladius,
2376 2527 2474 2580 lib.
2519 2527 2602 2579 111

1573 2603 1628 2655 in
1657 2603 1814 2656 Febr.
1847 2604 1925 2656 tit.
1965 2604 2032 2658 25
2054 2643 2072 2669 ‚
2101 2624 2157 2674 p.
2186 2609 2282 2674 76.
2309 2603 2494 2660 Ham.

1655 2702 1710 2752 9.
1744 2684 1800 2734 V
1793 2683 1844 2734 el
1860 2695 2006 2738 creta.
2035 2685 2122 2738 Sic
2141 2686 2400 2755 Apuleius
2412 2689 2608 2739 Roma·

1576 2781 1681 2814 nus
1712 2763 1770 2816 in
1795 2763 2148 2834 Geoponicis,
2184 2765 2278 2816 lib.
2307 2767 2392 2829 X,
2417 2786 2468 2819 c.
2503 2785 2567 2819 21
2587 2805 2606 2822 ,

1575 2861 1629 2912 p.
1664 2846 1772 2896 262
1795 2861 1808 2894 :
1835 2843 1970 2904 Τινὲς
1996 2841 2056 2896 δὲ
2077 2851 2344 2914 κεραμεικῇ
2365 2852 2434 2915 γῇ
2467 2865 2608 2916 περι-

1573 2921 1858 2984 πλάσαντες
1874 2962 1890 2988 ,
1921 2923 2030 2975 καθ’
2048 2925 2096 2976 lv
2119 2928 2267 2992 μῆλον
2294 2924 2572 2996 ξηραίνουσι
2588 2965 2606 2990 ,

1573 3002 1657 3054 καὶ
1689 3003 2022 3056 ἀποτίθενται.
2063 3029 2084 3050 ι
2109 3003 2338 3068 Quidam
2366 3018 2507 3058 terra
2541 3005 2610 3056 fi·

1573 3081 1755 3150 gulina
1782 3082 1984 3154 singula
2026 3085 2162 3136 mala
2191 3083 2473 3148 oblinunt,
2503 3086 2608 3137 ἀο-

1507 3213 1514 3219 ,
1572 3173 1715 3224 cant,
1737 3175 1788 3214 et
1811 3175 2094 3234 reponunt.
2120 3187 2142 3210 ι
2183 3163 2368 3218 Hanno.

1663 3259 1712 3294 1.
1743 3243 1880 3298 Inter:
1914 3243 2119 3308 serobes.
2164 3243 2254 3296 Sic
2275 3244 2429 3296 MSS.
2475 3245 2606 3313 Reg.

1576 3319 1729 3373 Colb.
1752 3334 1852 3374 etc.
1887 3322 2067 3386 Quare
2089 3341 2212 3374 mox
2231 3323 2394 3376 etiam
2417 3325 2602 3394 sequi·

1575 3411 1699 3464 tur,
1741 3419 1808 3454 ex
1831 3400 2018 3455 iisdem
2047 3401 2207 3454 codd.
2231 3400 2385 3454 Son-be
2425 3422 2614 3474 quoque

1575 3491 1624 3530 et
1660 3481 1900 3532 scrobibus
1933 3499 1954 3533 .·
1987 3481 2090 3536 hoc
2135 3494 2244 3542 est,
2277 3479 2505 3552 perinde
2545 3501 2608 3534 nc

1576 3559 1733 3631 pira,
1783 3559 1849 3612 de
1889 3560 2084 3631 quibus
2121 3561 2323 3616 dictum
2358 3574 2439 3614 est
2484 3579 2610 3632 pro·

1577 3639 1736 3692 xime.
1765 3641 1945 3694 Hnm.

1669 3739 1717 3772 a.
1741 3721 2004 3773 Aniciana.
2031 3721 2204 3773 Varro
2227 3720 2262 3771 1.
2277 3740 2325 3772 c.
2352 3747 2376 3766 o
2395 3721 2462 3772 In
2483 3739 2606 3790 sapa

1582 3801 1796 3852 condita
1841 3818 2053 3854 manere
2096 3801 2212 3870 pira
2250 3800 2516 3854 Aniciana
2556 3813 2605 3851 et

1583 3880 1888 3934 sementiva.
1908 3904 1930 3926 -
1961 3879 2143 3932 nnn.
