2850 4684
1034 376 1626 483 mez'xvr
2244 406 2390 487 505

364 543 551 611 XVI.
597 544 969 637 Peregrinae
1008 556 1147 613 tum
1189 544 1592 615 videbantur
1613 596 1632 629 ,
1677 545 1990 637 quoniam
2028 568 2164 613 non
2203 561 2395 615 erant
2435 572 2456 605 ι

254 646 656 719 suburbana>
674 702 695 735 ,
748 647 978 743 pinus¹
1044 664 1239 745 atque
1300 651 1480 721 abies
1501 704 1520 737 ,
1577 674 1936 743 omnesque
1988 674 2138 744 quae
2175 652 2392 745 picem

254 756 583 847 gignunt,
634 754 719 824 de
764 756 1005 849 quibus
1048 782 1227 827 nunc
1282 756 1580 827 dicemus
1599 809 1619 844 ,
1663 754 1867 829 ,simul
1919 770 1992 825 ut
2043 770 2183 827 tota
2223 781 2392 841 con-

254 856 481 928 diendi
528 862 681 929 vina
720 863 911 956 origo
946 877 1402 956 cognoscatur.
1462 861 1786 951 Quaedam
1832 861 2056 931 ferunt
2090 863 2160 931 in
2200 865 2354 934 Asia
2372 916 2393 951 ‚

256 979 377 1033 aut
419 967 731 1055 Oriente,
768 992 806 1037 e
857 968 1185 1061 praedictis
1222 970 1466 1063 picem.
1521 972 1602 1037 In
1651 970 1922 1061 Europa
1975 992 2096 1037 sex
2151 994 2394 1063 genera

256 1085 694 1165 cognatarum
746 1073 1061 1143 arborum
1100 1073 1341 1144 ferunt.
1378 1078 1484 1144 Ex
1523 1076 1598 1143 iis
1631 1076 1828 1169 pinus
1868 1088 2086 1167 atque..
2099 1078 2394 1169 pinaster

259 1174 493 1247 folium
532 1178 783 1247 habent
818 1178 1259 1274 capillamenti
1292 1181 1497 1250 modo
1537 1194 1874 1274 praetenue
1894 1233 1913 1264 ‚
1951 1179 2354 1301 longumque
2372 1234 2391 1268 ,

257 1297 327 1351 et
362 1308 685 1355 mucrone
720 1284 1113 1356 aculeatum.
1169 1288 1369 1355 Pinus
1414 1286 1544 1355 sert
1585 1287 1932 1355 minimum
1979 1289 2249 1373 resinae,
2287 1289 2388 1355 in·

260 1388 523 1459 terdum
552 1406 621 1459 et
652 1389 971 1461 nucibus²
1004 1394 1163 1487 ipsis
1181 1446 1201 1481 ,
1234 1392 1317 1463 de
1348 1392 1589 1487 quibus
1610 1392 1860 1463 dictum
1885 1406 2014 1477 est,
2049 1394 2293 1489 vixque
2315 1407 2392 1463 ut

258 1494 673 1566 adscribatur
716 1499 961 1593 generi.

364 1604 585 1671 XVII
628 1603 959 1674 Pinaster¹
994 1602 1154 1674 nihil
1187 1604 1365 1675 aliud
1399 1582 1770 1699 est,qua1n
1801 1607 1996 1701 pinus
2033 1604 2388 1689 silvestriS,
2430 1636 2452 1667 1

258 1709 433 1777 mira
462 1707 849 1797 altitudine,
892 1726 961 1780 et
1002 1736 1045 1780 a
1074 1709 1293 1781 medio
1324 1735 1622 1795 ramosa,
1671 1713 1842 1781 sicut
1888 1712 2125 1841 pinus
2131 1713 2200 1781 in
2235 1735 2390 1781 ver·
2437 1737 2444 1747 ·

258 1816 408 1883 tice.
444 1816 897 1937 copiosiorem
927 1816 1041 1885 dat
1067 1816 1247 1887 haec'
1278 1819 1561 1887 resinam
1588 1871 1607 1904 ,
1633 1842 1766 1912 quo
1795 1801 2125 1886 dicemus³
2163 1818 2385 1887 modo.

260 1920 574 2015 Gignitur
608 1936 677 1991 et
720 1924 791 1991 in
826 1921 1055 2019 planis.
1106 1922 1393 1993 Easdem
1429 1923 1701 1993 arbores
1741 1922 1870 1993 alio
1921 1924 2190 1999 nomine
2247 1948 2389 1993 esse

259 2051 383 2121 per
440 2052 627 2099 oram
682 2028 940 2114 ltaliae,
992 2055 1161 2123 quos
1210 2017 1496 2099 tibulos⁴
1541 2044 1821 2116 vocant,
1869 2027 2164 2126 plerique
2215 2030 2390 2099 arbi·

258 2146 542 2263 tranturs,
585 2134 704 2203 sed
732 2134 1009 2229 graciles
1046 2137 1686 2231 succinctioresque,
1721 2151 1791 2205 et
1826 2136 2096 2223 enodeS,
2117 2134 2394 2205 liburni·

261 2262 490 2307 carum
512 2226 650 2308 ⁵ad
688 2264 880 2329 usuS,
916 2266 1103 2338 paene
1138 2244 1277 2312 sine
1311 2245 1573 2313 resina.-

363 2348 623 2416 XVIII.
684 2344 913 2419 Picea¹
970 2363 1231 2419 montes
1284 2364 1501 2438 amat,
1543 2365 1744 2444 atque
1799 2349 2054 2444 frigora
2099 2375 2118 2417 :
2167 2346 2390 2420 feralis
2431 2378 2454 2415 ι

259 2509 501 2563 Dictator
540 2528 656 2563 eam
702 2511 873 2582 legem
920 2513 1069 2577 tulit,
1114 2525 1176 2567 ut
1214 2530 1281 2567 eo

254 2591 401 2659 jure,
431 2588 583 2663 quod
598 2590 751 2661 plebs
764 2592 1029 2645 statuisset
1048 2630 1067 2655 ,
1098 2610 1281 2645 omnes

259 2668 495 2738 Quirites
514 2682 871 2723 tenerentur.-
900 2668 1079 2723 ΗΑιιι).

1448 2510 1629 2565 xvu.
1663 2531 1712 2565 x.
1740 2511 1982 2565 Pinaster.
2027 2510 2176 2571 Πίτυς
2211 2512 2392 2583 ἀγρία,

1361 2592 1456 2661 pin
1468 2610 1694 2660 sauuage.
1711 2590 1954 2661 Pingitur
1969 2609 1996 2643 a
2017 2588 2394 2643 Dodonae.—

1367 2669 1556 2725 Servat
1579 2687 1781 2722 nomen
1811 2669 1874 2721 P.
1895 2671 2132 2737 pinaster.
2163 2670 2268 2721 En.

339 2748 493 2801 xvl.
522 2766 569 2803 r.
599 2749 769 2803 Pinus.
792 2750 927 2815 Quae
954 2749 1151 2803 Grecis
1170 2750 1283 2805 fere

258 2826 403 2889 πίτυς
421 2867 438 2892 ,
483 2829 675 2883 nostris
699 2849 766 2881 un
786 2833 895 2899 pin.
928 2830 1137 2883 Archiae
1165 2828 1279 2900 epi-

258 2925 497 2977 gramma
522 2926 551 2959 a
584 2908 740 2961 nobis
772 2909 995 2963 relatum
1022 2909 1116 2962 lib.
1139 2908 1281 2973 XV,

257 3004 375 3059 cap.
408 2988 439 3039 5
454 3022 475 3055 2
504 2986 597 3039 ubi
616 2988 757 3041 inter
780 2988 1281 3059 Olympionicarum

257 3084 481 3119 coronas
500 3066 645 3129 πίτυς
667 3082 993 3132 numeratur,
1014 3068 1283 3121 Ausonius

256 3146 331 3199 ita
368 3143 605 3199 reddidit
630 3145 686 3199 in
710 3147 994 3219 Eclogario
1024 3167 1039 3201 ε
1077 3174 1101 3197 ι
1136 3148 1279 3213 Qua·

254 3236 383 3277 tuor
430 3226 679 3297 antiquos
736 3226 1028 3283 celebravit
1086 3226 1283 3297 Achaia

252 3302 415 3357 ludos
440 3322 456 3357 ε
489 3305 639 3359 Serta
656 3306 851 3377 quibus
871 3308 1029 3380 pinus
1045 3347 1061 3374 ,
1084 3306 1277 3367 malua.

256 3384 431 3447 oliva,
458 3384 657 3455 apium.
681 3412 704 3433 ι
738 3386 807 3439 Η.
844 3418 923 3429 -
954 3388 1105 3440 Pinus
1132 3390 1282 3457 pinea

254 3458 490 3523 (Monac.
525 3465 753 3519 mamad.
775 3484 895 3537 gen.
925 3466 1105 3526 2130.
1131 3467 1278 3522 Pera.

260 3542 483 3605 Conifer.
510 3541 689 3606 Just).
720 3544 823 3597 Eo.

342 3641 391 3675 2.
410 3622 487 3675 Ee
506 3620 722 3677 nucibus.
742 3622 1055 3690 Interdum,
1072 3626 1249 3696 inquit
1262 3665 1280 3692 ‚

256 3700 361 3754 sert
380 3700 609 3755 resinam
624 3702 680 3755 in
695 3704 827 3773 ipsis
842 3704 1069 3757 nucibus
1082 3704 1281 3775 pineis,

256 3778 327 3833 de
372 3781 569 3852 quibua
625 3780 831 3835 dictum
882 3796 963 3837 est
1006 3782 1101 3837 lib.
1132 3784 1275 3849 XV,

258 3878 378 3932 cap.
410 3879 443 3929 9
461 3879 481 3926 ;
500 3859 597 3914 sed
622 3878 739 3915 eam
772 3862 990 3934 quidem
1015 3862 1149 3916 adeo
1176 3863 1281 3917 exi-

256 3958 413 4009 guam
428 3977 446 4004 ,
494 3952 554 3994 ut
586 3941 983 3997 resiniferarum
1027 3944 1285 3999 arborum

260 4019 441 4086 generi
470 4020 559 4073 vix
590 4020 749 4091 pinus
786 4018 1131 4075 adscribatur.
1160 4020 1227 4075 H.

1455 2769 1507 2803 ς.
1547 2750 1869 2820 Copiosae'omm
1892 2748 1982 2798 dat
2023 2748 2142 2800 hac.
2183 2746 2392 2818 Nempe

1366 2828 1530 2900 pinus
1549 2826 1826 2881 silvestris.
1853 2825 2033 2879 Hnnn.

1452 2908 1505 2961 3.
1526 2908 1853 2977 Quodicemus
1865 2906 2027 2959 modo.
2053 2904 2186 2977 Cap.
2217 2902 2391 2958 23.H.

1452 2994 1505 3051 4.
1523 2988 1737 3041 Tibulos.
1763 2986 1879 3040 MS.
1895 2984 2126 3039 stabulos.
2146 2984 2388 3039 Hermol-

1367 3068 1626 3119 sereabulos.
1657 3067 1762 3119 En.
1791 3098 1868 3109 —
1888 3066 2024 3133 Quos
2065 3065 2255 3117 tibulos.
2285 3062 2392 3117 Ha·

1366 3165 1488 3204 rum
1517 3148 1726 3201 iconem
1753 3144 2120 3216 Dalecampius
2145 3144 2388 3202 exhibet,

1368 3226 1465 3281 lib.
1499 3228 1558 3293 1,
1581 3245 1706 3298 pag.
1735 3232 1834 3296 47.
1863 3226 1993 3279 Mox
2018 3227 2350 3279 succhaecubm
2367 3262 2390 3287 ,

1368 3307 1535 3379 magis
1557 3318 1857 3377 compactas
1887 3305 2228 3375 interpretor.
2259 3304 2330 3357 H.

1454 3387 1507 3441 5.
1539 3387 1924 3439 Liburnicarum.
1957 3384 2144 3437 Genus
2169 3396 2248 3437 est
2283 3384 2392 3435 bel-

1369 3464 1486 3519 lico
1507 3466 1660 3519 navis
1685 3462 2048 3528 velocissimo,
2079 3482 2110 3517 a
2136 3461 2392 3516 Liburnia

1368 3544 1573 3616 Illyrici
1614 3544 1828 3617 populis
1865 3541 2236 3597 conditoribus
2259 3560 2392 3594 nun-

1366 3637 1574 3696 cupata.
1600 3625 1698 3677 His
1735 3622 2001 3677 mendis
2037 3622 2270 3693 pinaster
2311 3640 2392 3675 ar-

1364 3706 1464 3762 bos
1488 3704 1696 3759 idonea.
1718 3700 1904 3757 Eum.

1447 3784 1658 3837 XVIII.
1717 3801 1765 3836 1.
1822 3784 1988 3835 Piceo.
2041 3780 2167 3835 Haec
2215 3778 2393 3831 Theo-

1332 3854 1494 3937 phr.
1505 3864 1682 3931 πίτυς,
1704 3863 1818 3917 aliis
1850 3864 2040 3923 πεύκη,
2057 3880 2192 3931 pesse
2206 3856 2392 3912 Gallis.
2502 3874 2511 3882 ·

1371 3944 1742 4037 Pityocampaa
1772 3932 1798 4013 (
1820 3960 1991 3995 eruco
2027 3958 2192 4011 genus
2230 3948 2308 3989 est
2337 3924 2396 4003 ),

1376 4024 1432 4077 in
1463 4024 1614 4095 picea
1637 4022 1872 4090 Plinius,
1899 4020 1992 4075 lib.
2017 4018 2237 4080 XXIX,
2279 4032 2398 4087 cap,
