2850 4684
382 719 446 768 16

486 361 663 453 294*

1016 359 1096 426 C.
1149 357 1487 428 PLINII
1535 359 1748 428 NAT.
1799 357 2062 425 HIST.

480 491 666 562 Dixit
686 485 1001 584 Virgilius
1016 478 1067 524 ²⁴
1094 489 1401 576 Thasia,
1427 503 1498 558 et
1527 489 1963 576 Mareotida&
1997 502 2067 558 et
2096 489 2380 582 lageas,
2423 511 2618 558 com-

482 596 839 692 pluresque
873 611 1207 682 externaS,
1230 621 1379 690 quae
1405 620 1542 664 non
1575 601 1994 690 reperiuntur
2025 595 2094 662 in
2124 591 2332 662 Italia.

586 702 715 771 Sed
770 716 924 772 sunt
964 705 1324 770 etiamnum
1360 703 1646 796 insignes
1693 726 1858 787 uva,
1917 725 2054 769 non
2096 700 2285 783 vino,
2329 700 2608 770 ambro-

485 807 655 878 siaca
676 861 695 894 ‚
713 807 1027 877 duracina
1048 797 1118 894 ²⁵,
1146 809 1284 876 sine
1318 806 1467 876 ullis
1497 809 1665 878 vasis
1681 797 1729 836 ²⁶
1751 809 1818 876 in
1850 808 1986 875 vite
2007 804 2384 874 servabilis:
2415 797 2608 874 tanta

488 929 587 982 est
622 928 851 982 contra
902 913 1178 1007 frigora,
1227 926 1458 999 aestus‚
1504 927 2051 1008 tempestatesque
2089 905 2400 980 firmitas!
2457 913 2608 980 Nec

488 1017 938 1113 orthampelos
954 1020 1001 1060 ²⁷
1021 1019 1271 1114 indiget
1296 1019 1569 1106 arbore,
1603 1034 1723 1087 aut
1747 1017 1936 1113 palis,
1961 1019 2102 1112 ipsa
2129 1041 2203 1086 se
2235 1017 2604 1086 sustinens:

486 1127 621 1194 non
663 1126 819 1194 item
858 1123 1219 1217 dactylides
1254 1123 1506 1219 digitali
1543 1123 1922 1219 gracilitate.
1973 1121 2390 1194 Columbinoe
2421 1145 2462 1190 e
2497 1145 2604 1190 ra-

485 1230 942 1300 cemosissimis
960 1220 1012 1260 ²⁸
1056 1258 1071 1300 z

1119 1245 1187 1300 et
1228 1232 1436 1325 magis
1495 1254 1844 1325 purpureae
1891 1229 2284 1324 cognomine
2326 1228 2604 1296 bimam·

484 1337 630 1404 miae
654 1337 727 1422 ²⁹,
752 1335 1019 1430 quando
1060 1359 1197 1404 non
1230 1359 1527 1406 racemos
1549 1385 1570 1420 ,
1597 1336 1712 1405 sed
1741 1359 1908 1405 uvas
1943 1333 2102 1404 alias
2131 1347 2390 1428 gerunt.
2431 1335 2604 1402 Item

565 1531 657 1590 ²4.
694 1524 844 1578 Dixit
872 1524 1125 1594 Virgilius.
1164 1523 1357 1594 Georg.
1400 1524 1498 1579 lib.

485 1603 577 1670 11,
620 1624 671 1656 v.
696 1621 765 1674 9¹
803 1622 817 1657 z
868 1625 890 1648 α
924 1603 1061 1656 Sunt
1088 1603 1297 1657 Thasia
1328 1602 1463 1656 vites
1485 1642 1502 1670 ,

484 1695 607 1736 sunt
621 1696 677 1736 et
691 1681 1009 1736 Mareotides
1028 1683 1189 1735 albo:
1212 1681 1505 1752 pinguibus

485 1763 569 1816 ha
586 1763 741 1816 terris
759 1761 988 1824 habiles,
1030 1761 1318 1814 levioribus
1348 1761 1456 1816 illo
1484 1780 1501 1815 ε

485 1854 541 1895 et
565 1860 716 1912 passo
748 1841 957 1912 P‘sythia
980 1840 1159 1892 utilior
1174 1877 1190 1898 ‚
1216 1836 1503 1912 leonisque

486 1921 688 1990 Lageos
706 1922 991 1972 Tentatura
1011 1918 1173 1991 pedes
1206 1919 1364 1981 olim,
1393 1921 1506 1972 vin·

484 2011 737 2069 cturaque
751 1999 1001 2070 linguam.
1020 2024 1042 2045 ι
1075 2001 1125 2052 T
1122 1999 1268 2050 hasioe
1289 1999 1417 2052 vites
1437 2000 1505 2051 ab

487 2078 657 2131 insula
697 2078 874 2130 Thaso
922 2096 1119 2131 nomen
1158 2078 1354 2130 habent
1374 2117 1389 2141 ,
1437 2076 1505 2130 de

488 2157 711 2228 qualib.
746 2158 826 2208 IV
847 2194 863 2221 ,
892 2175 1007 2226 cap.
1046 2157 1143 2220 233
1174 2151 1466 2209 Mareotides
1489 2195 1504 2220 ,

487 2237 553 2289 ab
573 2236 817 2306 AEgyptia
844 2233 1037 2304 palude
1058 2234 1404 2304 cognomine,
1446 2247 1507 2289 ut

486 2326 627 2368 recte
650 2315 839 2366 Strabo
872 2313 964 2366 lib.
988 2313 1181 2376 XVII,
1201 2333 1319 2386 pag.
1348 2319 1460 2383 796
1483 2353 1497 2374 ,

488 2405 541 2446 et
552 2393 863 2446 scholiastes
880 2406 1025 2446 vetus
1036 2393 1246 2446 Horatii
1261 2392 1353 2456 ,ad
1370 2393 1503 2446 illud

486 2473 617 2525 vatis
646 2474 758 2543 ejus
784 2489 1024 2536 carmen,
1049 2473 1195 2524 lib.·1
1212 2511 1227 2536 ,
1252 2471 1359 2526 Od.
1396 2475 1503 2545 37:

486 2573 509 2595 ε
531 2551 874 2623 Mentemque
895 2552 1223 2623 lymphatam
1248 2551 1502 2606 Mareoti-

484 2648 549 2684 co
562 2670 578 2696 ,
592 2643 691 2684 etc.
702 2657 728 2679 n
746 2631 935 2701 Lageas
950 2630 1187 2703 denique
1202 2631 1506 2685 Macrobius

485 2729 700 2782 quoque
732 2710 1094 2775 commendat,
1125 2711 1231 2764 sae.
1268 2711 1361 2762 lib.
1406 2713 1464 2762 H
1486 2749 1502 2775 ,

486 2807 601 2862 cap.
656 2793 721 2842 16
756 2829 772 2856 ,
814 2809 933 2861 pag.
972 2791 1082 2861 379
1116 2807 1129 2840 :
1181 2812 1203 2832 ι
1234 2787 1397 2854 Quod
1431 2787 1500 2841 ad

486 2869 840 2922 maturitatem
880 2881 1096 2922 currant
1128 2868 1413 2930 velociter,
1444 2881 1505 2921 ut

489 2948 665 3019 lepus,
696 2974 718 2995 ι
754 2946 921 3001 dictas
944 2960 1091 3020 putat
1128 2945 1319 2999 Isidor.
1350 2947 1500 3017 Orig.

485 3027 581 3079 lib.
609 3027 769 3080 XVII
790 3063 806 3091 ,
836 3045 881 3079 c.
915 3025 967 3079 5.
997 3031 1045 3078 Α
1068 3025 1245 3082 colore
1256 3026 1502 3096 leporino

490 3106 577 3159 alii
606 3106 1013 3178 appellationem
1057 3116 1317 3174 repetunt.
1348 3104 1415 3158 H.

569 3185 666 3239 25.
694 3185 967 3238 Dat-acina.
1020 3185 1099 3236 De
1151 3201 1215 3236 ea
1264 3182 1499 3238 diximus

488 3279 604 3335 cap.
626 3283 743 3336 sup.
766 3263 947 3317 Hans).

568 3347 659 3396 26.
688 3343 801 3396 Sine
822 3343 931 3392 ullis
952 3342 1105 3392 vasis.
1140 3339 1352 3406 Quibus
1375 3341 1503 3395 con·

484 3419 673 3475 dendis
717 3440 824 3473 non
858 3432 935 3472 est
964 3419 1098 3472 vasis
1126 3438 1289 3492 opus,
1335 3440 1501 3493 quum

486 3501 543 3553 in
570 3502 683 3570 ipsa
712 3501 817 3551 vite
845 3495 1122 3551 commode
1152 3513 1497 3555 asserventur.

484 3579 691 3646 Quibus
742 3579 797 3631 in
844 3579 977 3630 vasis
1034 3576 1255 3632 doliisve
1304 3581 1502 3634 servari

486 3677 610 3712 uvas
638 3676 751 3709 mos
794 3657 921 3710 olim
966 3658 1153 3721 fuerit,
1203 3658 1410 3712 dicetur
1433 3660 1496 3710 li·

482 3739 584 3791 bro
610 3755 718 3808 seq.
748 3755 863 3807 cap.
896 3739 982 3790 18.
1011 3737 1190 3790 Hann.

564 3833 653 3886 27.
702 3815 807 3869 Nec
844 3812 1173 3889 orthampelos.
1224 3815 1337 3868 Hoc
1379 3827 1458 3868 est
1473 3856 1492 3880 ,

482 3891 603 3948 vitis
630 3911 802 3950 erecta
818 3932 839 3962 ,
865 3895 974 3951 sive
1008 3907 1266 3959 surrecta,
1298 3893 1365 3948 de
1392 3913 1498 3966 qua

484 3989 601 4044 sup.
630 3993 743 4046 cap.
763 3975 855 4029 ubi
880 3991 933 4030 et
951 3975 1019 4028 de
1039 3971 1303 4044 dactylide
1326 4011 1345 4038 .
1374 3993 1496 4045 quo

1585 1523 1784 1578 Graecis
1837 1519 2089 1584 δακτυλίς.
2139 1523 2390 1595 Dactylos
2455 1535 2608 1576 vocat

1586 1601 1877 1658 Columella
1895 1641 1910 1666 ,
1936 1602 2031 1671 ljh.
2053 1602 2168 1668 ΠΙ,
2188 1622 2233 1656 c.
2261 1622 2286 1654 a
2307 1642 2322 1667 ,
2350 1621 2407 1672 p.
2429 1601 2604 1657 83.}1.

1671 1686 1761 1738 28.
1795 1683 2093 1736 Columbinoe
2135 1701 2164 1733 e
2205 1684 2602 1734 memhsimis.

1587 1762 1686 1816 Gr.
1715 1774 1770 1814 et
1797 1761 1883 1814 Al.
1919 1761 2217 1816 combine
2251 1763 2604 1814 actuosum.

1589 1873 1667 1884 —-
1688 1842 2060 1894 Acinosissimae.
2109 1841 2238 1894 Uva
2270 1841 2525 1909 majores,
2549 1855 2608 1894 et

1588 1921 1927 1974 crassioribus
1971 1918 2132 1972 acinis
2161 1938 2175 1972 ε
2204 1919 2398 1972 racemi
2439 1920 2610 1971 mino·

1588 2017 1702 2063 res,
1734 2012 1784 2052 et
1809 1999 2165 2064 tenuioribus;
2185 1999 2276 2070 qui
2301 1999 2410 2050 fere
2435 2015 2464 2049 a
2487 1999 2608 2050 vin·

1589 2076 1876 2132 demiatore
1894 2079 1992 2130 sub
2019 2077 2281 2149 pampinis
2307 2077 2527 2130 latentes
2553 2089 2610 2130 et

1593 2158 1834 2210 fallentes
1860 2157 2250 2228 relinquuntur.
2278 2157 2478 2209 Graecis
2506 2159 2610 2209 im·

1589 2232 1808 2306 φυλλίὸες
1856 2254 1870 2289 :
1919 2235 2045 2288 inde
2083 2236 2384 2290 racematio.
2433 2237 2610 2289 Turn.

1590 2315 1684 2368 lib.
1725 2317 1908 2379 XXV,
1935 2333 2052 2385 cap.
2104 2320 2193 2369 26.
2221 2317 2424 2368 Dante.
2449 2347 2529 2358 —-·
2554 2317 2612 2368 E

1591 2399 1981 2446 mcemosissimis.
2000 2397 2076 2447 lta
2093 2393 2241 2448 MSS.
2265 2395 2605 2466 omnes,Reg.

1591 2473 1746 2526 Colb.
1773 2475 1878 2527 Th.
1899 2486 2009 2526 ¹etc.
2041 2471 2220 2526 Hann.

1671 2569 1760 2620 29.
1789 2553 1861 2604 Ee
1886 2556 2040 2622 magis
2057 2571 2310 2624 pur-puna
2334 2557 2612 2621 cognomine

1588 2629 1885 2685 bimammioe.
1917 2631 2218 2703 Legendum
2249 2629 2512 2696 arbitror,
2535 2633 2612 2684 Et

1588 2713 1741 2778 magis
1760 2729 2014 2780 purpurea
2028 2715 2304 2780 cognomine
2319 2709 2610 2770 bibamma'oe:

1587 2788 1691 2840 hoc
1704 2803 1779 2842 est
1795 2789 2050 2860 ,duplicis
2077 2791 2350 2842 tinctura:
2377 2801 2440 2844 ut
2464 2787 2612 2843 diba-

1587 2867 1694 2938 pha
1717 2887 1952 2940 purpura
1971 2907 1987 2934 ,
2005 2868 2074 2920 de
2087 2887 2191 2940 qua
2209 2886 2367 2939 supra
2387 2867 2610 2935 Plinius,

1585 2947 1680 3000 lib.
1703 2949 1813 3012 lx,
1839 2967 1955 3020 cap.
1988 2951 2058 3017 39
2087 2966 2101 3000 ;
2143 2973 2167 2995 ι
2203 2948 2343 3000 Huic
2367 2949 2614 3002 successit

1587 3024 1820 3098 dibapha
1831 3028 2012 3098 Tyria,
2026 3045 2143 3099 quo
2161 3027 2216 3080 in
2225 3025 2389 3080 libras
2401 3026 2504 3079 den
2511 3027 2609 3080 arii

1586 3105 1734 3158 mille
1763 3125 1871 3158 non
1901 3118 2111 3178 poterat
2138 3105 2260 3159 emi.
2295 3131 2318 3153 ι
2341 3105 2455 3159 Cur
2477 3125 2610 3160 vero

1587 3183 1741 3237 dictae
1777 3184 1884 3237 sint
1923 3186 2266 3249 Bibammio,
2297 3183 2442 3238 illico
2485 3187 2610 3238 sub·

1582 3263 1728 3335 jicit‚
1766 3263 1914 3335 quod
1953 3276 2138 3335 gerant
2177 3261 2413 3317 diversos
2435 3303 2451 3327 ,
2499 3265 2610 3319 hoc

1587 3355 1680 3408 est,
1702 3341 2102 3397 diversicolores
2116 3362 2224 3398 non
2246 3359 2498 3405 racemos,
2516 3343 2609 3397 sed

1587 3419 1712 3474 uvas
1729 3460 1744 3485 ‚
1791 3423 1973 3494 quales
1997 3423 2156 3476 etiam
2185 3419 2332 3494 apud
2365 3441 2467 3474 nos
2493 3423 2610 3494 ple·

1583 3499 1762 3570 risque
1785 3501 1840 3554 in
1857 3503 1986 3555 locis
2007 3513 2318 3556 cernuntur.
2341 3501 2502 3554 Pur.
2527 3533 2612 3546 —

1583 3579 1901 3634 Bimamme'oe.
1925 3581 2189 3648 Quoniam
2213 3581 2449 3652 geminas
2473 3599 2610 3633 sem-

1581 3676 1678 3729 per
1701 3675 1828 3712 nvas
1851 3661 2028 3714 ferunt
2049 3701 2064 3726 ‚
2105 3678 2223 3731 φιω
2261 3658 2612 3712 crassitudine

1588 3755 1842 3792 mammas
1891 3742 2220 3793 aemulentur.
2264 3737 2478 3791 Eodem
2504 3738 2608 3790 bu-

1583 3817 1742 3871 masti
1803 3819 2044 3889 superius
2097 3817 2392 3890 appellato.
2451 3817 2610 3871 Noto

1583 3894 1814 3968 virgilio
1859 3915 2141 3970 purpurea
2162 3935 2180 3962 ‚
2213 3897 2411 3967 Georg.
2447 3897 2483 3949 Ι.
2515 3899 2568 3949 Π

1583 3993 1634 4028 v.
1663 3973 1758 4028 6⁵.
1783 3976 1964 4028 Hun.
