2850 4684
1031 325 1348 393 LIBER
1400 326 1639 393 XIII.

2261 329 2402 427 173

265 470 378 524 aut
415 457 660 525 vetusti
692 456 841 549 ejus
870 456 1052 550 pomi
1088 456 1347 550 signum
1375 469 1504 545 est,
1529 455 1842 525 cecidisse
1866 456 2212 530 candidam
2242 486 2395 530 ver-

269 550 549 631 mmm*

555 616 577 650 ,
607 586 761 657 quae
792 586 1056 631 racemo
1093 561 1462 631 adhaeserit·
1492 552 1847 631 Alexandri
1891 563 2126 633 milites
2166 566 2402 660 palmis

261 667 583 737 viridibus
633 666 1028 761 strangulati
1082 669 1402 737 sunt.1n
1456 652 1848 737 Gedrosi-5⁴³

1899 668 1965 737 id
2004 669 2251 740 factum
2304 689 2405 743 est

265 774 444 868 pomi
477 799 772 869 genere,
828 772 982 843 alibi
1002 775 1197 868 copia
1231 776 1473 843 evenit.
1504 776 1623 844 Est
1650 762 1864 843 enim⁴
1868 761 2101 844 ⁴tanta
2134 781 2403 849 musteis

263 872 602 965 suavitas,
655 894 735 948 ut
763 872 912 949 finis
947 877 1300 949 mandendi
1337 905 1474 949 non
1515 882 1635 949 nisi
1671 878 1967 975 periculo
2000 874 2131 951 fiat.

371 989 458 1053 X.
505 974 618 1079 (v.
636 974 668 1077 )
707 988 892 1079 Syria
932 1000 1172 1081 praeter
1204 978 1419 1055 hanc¹
1472 983 1860 1116 peculiares³
1863 986 2067 1057 habet
2102 986 2389 1060 arbores.

261 1094 344 1159 In
369 1117 623 1161 nucum
654 1117 899 1187 genere
935 1080 1252 1186 pistacia
1289 1107 1467 1163 nota.
1508 1076 1860 1162 Prodesse³
1903 1094 2219 1163 adversus
2260 1121 2402 1165 ser-

263 1200 566 1290 pentium
604 1198 959 1267 traduntur
991 1222 1284 1285 morsuS,
1321 1213 1388 1268 et
1419 1186 1633 1319 potu⁴
1664 1214 1734 1267 et
1773 1198 1941 1268 cibo,
1987 1203 2067 1268 ln
2112 1200 2393 1273 ficorum

263 1318 537 1390 autem,
575 1290 872 1374 caricas⁵
893 1357 914 1391 ,
951 1318 1017 1373 et
1051 1305 1340 1377 minores
1391 1305 1533 1399 ejus
1582 1307 1841 1399 generis
1863 1358 1882 1393 ,
1936 1330 2083 1399 quae
2134 1321 2400 1377 cottana

347 1508 440 1565 4²·
473 1502 717 1557 cecidisse
739 1492 995 1555 candidam
1020 1522 1288 1555 verrucam.

267 1582 527 1635 Palmuloe
557 1583 795 1654 calycem
811 1622 830 1647 ,
877 1582 972 1654 qui
1011 1574 1083 1635 ad
1122 1583 1292 1635 basim

265 1661 466 1715 finctus
496 1660 764 1731 pedicello
803 1680 1013 1717 summo
1057 1659 1290 1715 adhue-

264 1741 372 1795 δεῖ.
394 1738 586 1795 chiffl.
607 1740 857 1796 decIdisse.
880 1743 984 1795 En.

347 1822 443 1884 43.
470 1821 534 1872 Ia
566 1820 819 1875 Gedrosis.
849 1820 1121 1891 Theophr.
1150 1820 1286 1873 Hist.

265 1899 359 1952 lib.
381 1901 496 1963 IV,
513 1919 632 1971 cap.
669 1899 719 1953 5.
755 1900 937 1953 mnu.
957 1930 1038 1943 —-
1058 1897 1184 1952 vid.
1201 1917 1289 1953 su-

267 1998 377 2049 per.
399 1978 502 2031 lib.
527 1998 644 2050 cap.
679 1996 700 2031 1
718 1999 776 2043 2,
801 1992 938 2033 nott.
962 1998 993 2049 7
1015 1990 1067 2031 et
1093 1980 1146 2033 8.
1177 1980 1284 2033 En.

347 2064 441 2122 44.
469 2060 572 2111 Est
587 2062 728 2113 enim.
759 2060 854 2111 Est
882 2059 1026 2111 enim
1061 2059 1289 2111 recenti·

265 2139 362 2190 bus
381 2138 635 2209 palmulis
657 2149 802 2191 tanta
817 2139 1044 2193 suauitas
1057 2174 1074 2202 ,
1091 2149 1150 2189 ut
1167 2138 1290 2191 finis

265 2211 556 2271 mandendi
597 2236 710 2270 non
755 2217 856 2269 nisi
900 2218 1020 2271 vito
1051 2217 1290 2290 pericuio

265 2297 376 2351 fiat.
402 2298 590 2350 Eun.

342 2377 412 2429 X.
434 2399 455 2429 x
468 2418 481 2430 .
497 2374 647 2447 Syria
657 2388 838 2447 praeter
853 2376 976 2428 hanc
989 2414 1006 2439 ,
1027 2387 1128 2429 etc.
1146 2374 1288 2429 Vide

267 2456 360 2509 lib.
383 2457 520 2519 XV,
563 2472 682 2527 cap.
715 2476 783 2510 υ
801 2494 818 2522 ,
863 2469 918 2509 et
941 2456 1038 2507 lib.
1067 2456 1257 2507 XXIII
1273 2494 1290 2520 ,

268 2554 382 2607 cap.
409 2538 462 2589 8.
493 2536 700 2588 DAz-nc.

345 2634 398 2667 2.
417 2615 659 2667 pistacia.
681 2616 811 2668 Haec
833 2612 1000 2667 Indiae
1022 2608 1292 2667 Nicander

265 2694 520 2747 adscribit
534 2734 550 2758 ‚
573 2695 634 2747 in
649 2694 894 2747 Theriac.
914 2713 972 2765 p.
997 2694 1100 2759 633
1126 2692 1292 2765 Syriae

269 2774 440 2827 Diose.
466 2775 563 2826 lib.
591 2776 653 2838 Ι,
710 2791 829 2843 pag·
867 2792 1007 2843 1773
1059 2773 1292 2827 Galenus

270 2852 338 2905 de
361 2855 458 2907 fac.
493 2854 640 2905 alim.
663 2853 759 2906 lib.
787 2855 842 2904 11
861 2893 878 2915 ,
903 2872 1018 2925 cap.
1050 2852 1150 2918 3ο,
1168 2872 1287 2924 pag.

275 2930 382 2995 354
396 2972 412 2995 ‚
433 2934 678 2995 tom.VI,
697 2929 1028 2985 Alexandria
1051 2934 1288 3004 AEgypti,

271 3010 358 3063 sed
383 3013 648 3065 Berrhoeae
666 3012 832 3083 Syriae
853 3014 1022 3064 multo
1045 3012 1290 3065 uberiore

271 3106 548 3160 proventu.
579 3094 660 3143 De
689 3092 774 3143 his
804 3092 968 3144 multa
993 3089 1290 3157 Palladius,

269 3170 360 3224 lib.
373 3172 538 3235 XLin
553 3171 781 3224 Octobr.
798 3171 879 3224 tit.
904 3190 926 3224 1
941 3190 967 3222 π
984 3209 998 3234 ,
1022 3189 1142 3241 pag.
1162 3191 1184 3225 1
1199 3170 1287 3224 52.

271 3250 481 3311 Βιςώιια
499 3289 517 3316 ,
564 3263 618 3303 et
644 3250 865 3311 Πιςάκια
889 3250 1090 3303 Graecis
1110 3287 1127 3314 ‚
1163 3263 1292 3304 teste

270 3332 550 3395 Athenaeo,
602 3330 696 3383 lib.
753 3331 920 3394 XIV,
968 3348 1088 3401 pag.
1135 3334 1249 3399 649
1274 3368 1290 3394 ,

273 3408 419 3463 nobis
445 3410 532 3463 des
549 3411 818 3479 pista-hes-
811 3427 824 3438 ·
855 3410 1011 3462 arbos
1039 3410 1181 3480 ipsa,
1224 3428 1288 3461 un

267 3491 534 3559 pistaclu‘er.
567 3488 761 3542 Ham.
794 3520 873 3530 —
901 3491 1122 3541 Pistact'a
1149 3508 1287 3542 vera.

273 3560 292 3635 (
313 3571 456 3622 Dioee.
476 3568 718 3641 pentand.
753 3587 873 3639 gen.
907 3586 1011 3621 υτ
1026 3587 1090 3633 2,
1143 3568 1288 3621 Pers.

279 3647 602 3701 Text-hiarbae.
627 3650 660 3701 J
667 3668 770 3701 uss
793 3640 816 3717 )
843 3646 1089 3701 Habitat
1075 3666 1131 3699 m
1161 3648 1289 3701 Per·

269 3730 364 3791 sia,
393 3731 626 3791 Arabia,
669 3726 857 3793 India,
884 3726 1068 3799 Syria3
1095 3726 1291 3780 colitur

267 3810 314 3862 in
335 3810 546 3867 Sicilia,
591 3806 766 3859 Italia.
791 3765 950 3861 Linn.
977 3806 1107 3860 Mat.
1148 3806 1291 3861 med.

262 3909 368 3961 pag.
400 3888 542 3953 254.
575 3888 764 3951 Quum
797 3885 954 3940 flores
981 3886 1290 3957 fructusque

257 3972 306 4023 iu
340 3968 620 4025 distinctis
649 3977 704 4019 et
739 3967 927 4035 procul
963 3967 1151 4037 sapius
1178 3985 1207 4019 a
1233 3984 1288 4019 ue

1380 1502 1611 1555 invicem
1646 1502 1842 1557 dissitis
1880 1515 2169 1557 nascantur
2202 1500 2405 1559 arbori·

1378 1581 1511 1645 hm,
1548 1590 1763 1652 utpote
1801 1580 1995 1647 dianas,
2042 1584 2403 1655 improegnatio

1375 1678 1487 1713 non
1513 1678 1661 1714 secus
1688 1662 1747 1714 in
1772 1663 2003 1733 pistaciis
2034 1680 2097 1716 ac
2129 1664 2184 1715 in
2210 1663 2402 1739 palmis

1373 1739 1555 1793 locum
1581 1740 1758 1794 babet.
1788 1742 1875 1795 Sic
1912 1754 2087 1795 autem
2126 1742 2183 1794 in
2222 1732 2403 1798 Sicilia

1375 1816 1650 1872 succedit.
1676 1818 1871 1873 florum
1900 1834 2104 1875 amenta
2128 1840 2157 1873 e
2182 1823 2400 1892 pistacia

1378 1916 1524 1949 mare
1554 1894 1879 1971 decerpunt;
1924 1919 2057 1971 quos
2096 1902 2155 1953 in
2194 1921 2283 1956 vas
2313 1910 2399 1955 re·

1375 1974 1619 2030 condunt
1652 1990 1791 2032 terra
1816 1978 2201 2033 circumdatum
2228 1980 2398 2035 madi-

1376 2054 1480 2109 da·
1503 2075 1595 2109 vas
1620 2046 1756 2110 illud
1777 2077 1927 2111 ramo
1948 2059 2182 2153 pisiaciq
2189 2061 2399 2115 feminae

1374 2134 1715 2207 appendunt,
1770 2130 1939 2191 donec
1971 2138 2128 2191 flores
2166 2133 2244 2191 illi
2282 2160 2395 2195 are·

1375 2228 1550 2281 scant,
1559 2228 1618 2269 nt
1630 2217 1793 2287 pollen
1812 2218 1965 2271 facile
1989 2232 2269 2272 ventorum
2294 2239 2397 2292 ope

1373 2312 1473 2363 per
1522 2306 1682 2348 totam
1740 2296 1985 2350 arborem
2046 2288 2395 2369 dispergatur.

1374 2374 1556 2427 Flores
1590 2376 1680 2427 alii
1734 2372 2054 2430 masculinos
2097 2376 2393 2449 coliigunt,

1377 2454 1806 2525 siccatorumque
1854 2457 2129 2527 pulverem
2184 2454 2399 2529 proli'fe-

1374 2552 1501 2586 rum
1536 2548 1791 2604 spargunt
1824 2535 1880 2586 in
1912 2535 2193 2595 femineos,
2220 2550 2279 2589 ut
2298 2538 2398 2589 irn-

1375 2613 1667 2684 praegnatio
1708 2612 1818 2666 fiat.
1855 2614 1934 2665 De
1962 2614 2043 2665 his
2079 2614 2233 2684 plura
2272 2615 2398 2669 vide

1373 2691 1517 2763 apud
1550 2691 1757 2745 Geofi'r.
1794 2692 1925 2745 Mat.
1959 2690 2101 2745 med.
2143 2704 2272 2745 tom.
2304 2696 2361 2746 11
2379 2734 2396 2761 ,

1373 2790 1495 2843 pag.
1519 2778 1647 2841 417.
1671 2768 1778 2823 En.

1458 2844 1511 2905 3.
1564 2850 1797 2903 Prodesse
1839 2850 2063 2901 adversus
2113 2854 2397 2922 set-peullam

1375 2950 1575 2983 morsus.
1604 2924 1887 2995 Nicander,
1914 2930 1950 2982 l.
1974 2948 2023 2983 c.
2050 2930 2119 2983 H.

1460 3018 1513 3073 4.
1544 3012 1619 3063 Ee
1642 3022 1783 3081 potu.
1824 3008 1948 3063 Sive
1990 3008 2111 3063 trita
2163 3030 2226 3063 ex
2268 3010 2396 3065 vino

1373 3085 1664 3155 bibantur,
1708 3090 1819 3143 sive
1852 3088 2096 3153 edantur,
2142 3092 2397 3161 ἐσθιόμενα.

1374 3165 1436 3222 δὲ
1456 3170 1539 3222 καὶ
1561 3168 1797 3239 πινόμενα.
1828 3171 1874 3223 ἐν
1896 3160 2005 3239 οἴνῳ
2026 3172 2135 3223 λεῖοι
2150 3208 2168 3235 ‚
2192 3169 2396 3239 ἑρπετο-

1373 3246 1575 3311 distros<
1618 3252 1805 3315 βοηθεῖ,
1840 3248 2014 3301 Diosc.
2046 3249 2083 3302 l.
2130 3268 2174 3303 c.
2216 3250 2393 3325 paleo.

1373 3327 1535 3399 igitur
1562 3331 1780 3387 frustra,
1804 3342 1852 3380 et
1866 3330 1994 3395 siz-tu.
2026 3328 2209 3382 HARD.

1459 3408 1511 3462 5.
1544 3409 1763 3462 Car-icas.
1794 3408 1943 3461 Mera
1985 3408 2085 3462 fuit
2122 3409 2255 3461 ficus
2274 3410 2397 3462 vul-

1372 3488 1653 3558 gatissimae
1704 3488 1995 3552 varieta⁸,'
2032 3506 2149 3558 quae
2205 3488 2395 3541 siccata

1371 3566 1729 3621 advehebatur
1778 3586 1807 3620 e
1832 3566 2005 3621 'Caria
2053 3569 2343 3638 praesertim
2376 3588 2392 3631 ς

1379 3660 1665 3719 usurpatur
1690 3666 1817 3700 vero
1858 3660 1912 3699 et
1950 3648 2052 3699 hoc
2094 3666 2291 3701 nomen
2326 3646 2395 3699 de

1377 3726 1487 3780 ficu
1559 3726 1795 3797 qualibet
1880 3726 2033 3779 sicca.
2126 3726 2395 3779 Botanicis

1379 3820 1458 3859 est
1511 3807 1656 3859 Ficus
1726 3808 1903 3859 carica.
1966 3797 2158 3874 (Dioec.
2215 3806 2397 3857 triand.

1375 3904 1497 3956 gen.
1550 3884 1691 3953 2193
1716 3924 1733 3949 ,
1799 3886 1941 3937 Pers.
2002 3885 2155 3937 Ureic.
2210 3886 2243 3936 J
2248 3902 2345 3935 uss.
2372 3880 2393 3945 )

1377 3964 1594 4018 Habitat
1620 3966 1676 4016 in
1710 3964 1929 4035 Europa
1957 3962 2207 4028 australi,
2234 3962 2395 4027 Asia,
