<?xml version="1.0" encoding="UTF-8"?>
<!DOCTYPE html PUBLIC "-//W3C//DTD XHTML 1.0 Transitional//EN"
    "http://www.w3.org/TR/xhtml1/DTD/xhtml1-transitional.dtd">
<html xmlns="http://www.w3.org/1999/xhtml" xml:lang="en" lang="en">
 <head>
  <title>
</title>
<meta http-equiv="Content-Type" content="text/html;charset=utf-8" />
  <meta name='ocr-system' content='tesseract 3.04.00' />
  <meta name='ocr-capabilities' content='ocr_page ocr_carea ocr_par ocr_line ocrx_word'/>
</head>
<body>
  <div class='ocr_page' id='page_1' title='image "./historiaenatura00delagoog_0063.png"; bbox 0 0 2850 4684; ppageno 0'>
   <div class='ocr_carea' id='block_1_1' title="bbox 511 304 2138 437">
    <p class='ocr_par' dir='ltr' id='par_1_1' title="bbox 511 304 2138 437">
     <span class='ocr_line' id='line_1_1' title="bbox 511 304 2138 437; baseline -0.004 -35"><span class='ocrx_word' id='word_1_1' title='bbox 511 329 599 402; x_wconf 79' lang='lat'><strong>52</strong></span> <span class='ocrx_word' id='word_1_2' title='bbox 683 304 738 437; x_wconf 28' lang='lat'><strong>&#39;·</strong></span> <span class='ocrx_word' id='word_1_3' title='bbox 1051 328 1130 398; x_wconf 79' lang='lat' dir='ltr'><strong>c,</strong></span> <span class='ocrx_word' id='word_1_4' title='bbox 1181 328 1517 400; x_wconf 80' lang='lat' dir='ltr'><strong>PLINH</strong></span> <span class='ocrx_word' id='word_1_5' title='bbox 1564 325 1777 400; x_wconf 83' lang='lat' dir='ltr'><strong>NAT.</strong></span> <span class='ocrx_word' id='word_1_6' title='bbox 1832 325 2138 415; x_wconf 55' lang='lat' dir='ltr'><strong>ms‘r„</strong></span> 
     </span>
    </p>
   </div>
   <div class='ocr_carea' id='block_1_2' title="bbox 437 454 2651 2043">
    <p class='ocr_par' dir='ltr' id='par_1_2' title="bbox 503 454 2643 979">
     <span class='ocr_line' id='line_1_2' title="bbox 507 454 2638 556; baseline -0.001 -23"><span class='ocrx_word' id='word_1_7' title='bbox 507 463 846 533; x_wconf 82' lang='lat' dir='ltr'><strong>uariorum</strong></span> <span class='ocrx_word' id='word_1_8' title='bbox 881 458 1141 556; x_wconf 87' lang='lat' dir='ltr'><strong>pondus</strong></span> <span class='ocrx_word' id='word_1_9' title='bbox 1177 472 1457 555; x_wconf 86' lang='lat' dir='ltr'><strong>aequent.</strong></span> <span class='ocrx_word' id='word_1_10' title='bbox 1480 456 1859 527; x_wconf 82' lang='lat' dir='ltr'><strong>Alexandro</strong></span> <span class='ocrx_word' id='word_1_11' title='bbox 1886 459 2139 552; x_wconf 86' lang='lat' dir='ltr'><strong>Magno</strong></span> <span class='ocrx_word' id='word_1_12' title='bbox 2160 454 2211 496; x_wconf 79' lang='lat'><strong>⁸⁹</strong></span> <span class='ocrx_word' id='word_1_13' title='bbox 2250 458 2320 527; x_wconf 90' lang='lat' dir='ltr'><strong>in</strong></span> <span class='ocrx_word' id='word_1_14' title='bbox 2354 460 2638 554; x_wconf 85' lang='lat' dir='ltr'><strong>pueritia</strong></span> 
     </span>
     <span class='ocr_line' id='line_1_3' title="bbox 507 563 2643 664; baseline -0.002 -24"><span class='ocrx_word' id='word_1_15' title='bbox 507 572 648 641; x_wconf 90' lang='lat' dir='ltr'><strong>sine</strong></span> <span class='ocrx_word' id='word_1_16' title='bbox 683 566 1086 664; x_wconf 81' lang='lat' dir='ltr'><strong>parcimonia</strong></span> <span class='ocrx_word' id='word_1_17' title='bbox 1105 566 1302 635; x_wconf 82' lang='lat' dir='ltr'><strong>thura</strong></span> <span class='ocrx_word' id='word_1_18' title='bbox 1331 565 1657 660; x_wconf 83' lang='lat' dir='ltr'><strong>ingerenti</strong></span> <span class='ocrx_word' id='word_1_19' title='bbox 1684 565 1815 633; x_wconf 85' lang='lat' dir='ltr'><strong>aris</strong></span> <span class='ocrx_word' id='word_1_20' title='bbox 1832 616 1853 649; x_wconf 90' lang='lat'><strong>,</strong></span> <span class='ocrx_word' id='word_1_21' title='bbox 1884 563 2285 661; x_wconf 65' lang='lat' dir='ltr'><strong>paedagogus</strong></span> <span class='ocrx_word' id='word_1_22' title='bbox 2310 566 2643 638; x_wconf 84' lang='lat' dir='ltr'><strong>Leonides</strong></span> 
     </span>
     <span class='ocr_line' id='line_1_4' title="bbox 503 670 2642 767; baseline -0.002 -21"><span class='ocrx_word' id='word_1_23' title='bbox 503 675 791 762; x_wconf 81' lang='lat' dir='ltr'>dixerat,</span> <span class='ocrx_word' id='word_1_24' title='bbox 825 688 900 743; x_wconf 91' lang='lat' dir='ltr'><strong>ut</strong></span> <span class='ocrx_word' id='word_1_25' title='bbox 932 672 1042 742; x_wconf 90' lang='lat' dir='ltr'><strong>illo</strong></span> <span class='ocrx_word' id='word_1_26' title='bbox 1079 671 1316 760; x_wconf 89' lang='lat' dir='ltr'><strong>modo,</strong></span> <span class='ocrx_word' id='word_1_27' title='bbox 1341 697 1549 765; x_wconf 90' lang='lat' dir='ltr'><strong>quum</strong></span> <span class='ocrx_word' id='word_1_28' title='bbox 1588 670 1939 741; x_wconf 83' lang='lat' dir='ltr'><strong>devicisset</strong></span> <span class='ocrx_word' id='word_1_29' title='bbox 1963 670 2321 741; x_wconf 86' lang='lat' dir='ltr'><strong>thuriferas</strong></span> <span class='ocrx_word' id='word_1_30' title='bbox 2361 686 2599 767; x_wconf 84' lang='lat' dir='ltr'>gentes</span> <span class='ocrx_word' id='word_1_31' title='bbox 2617 723 2642 760; x_wconf 88' lang='lat'><strong>,</strong></span> 
     </span>
     <span class='ocr_line' id='line_1_5' title="bbox 505 776 2641 877; baseline 0 -26"><span class='ocrx_word' id='word_1_32' title='bbox 505 780 921 877; x_wconf 84' lang='lat' dir='ltr'><strong>supplicaret.</strong></span> <span class='ocrx_word' id='word_1_33' title='bbox 961 784 1051 849; x_wconf 85' lang='lat' dir='ltr'><strong>At</strong></span> <span class='ocrx_word' id='word_1_34' title='bbox 1083 778 1191 848; x_wconf 89' lang='lat' dir='ltr'><strong>ille</strong></span> <span class='ocrx_word' id='word_1_35' title='bbox 1223 779 1465 849; x_wconf 85' lang='lat' dir='ltr'><strong>Arabia</strong></span> <span class='ocrx_word' id='word_1_36' title='bbox 1494 778 1745 873; x_wconf 88' lang='lat' dir='ltr'><strong>potitus</strong></span> <span class='ocrx_word' id='word_1_37' title='bbox 1766 830 1787 865; x_wconf 93' lang='lat'><strong>,</strong></span> <span class='ocrx_word' id='word_1_38' title='bbox 1824 776 2021 845; x_wconf 88' lang='lat' dir='ltr'><strong>thure</strong></span> <span class='ocrx_word' id='word_1_39' title='bbox 2054 792 2363 847; x_wconf 80' lang='lat' dir='ltr'><strong>onustam</strong></span> <span class='ocrx_word' id='word_1_40' title='bbox 2396 802 2641 851; x_wconf 83' lang='lat' dir='ltr'><strong>navem</strong></span> 
     </span>
     <span class='ocr_line' id='line_1_6' title="bbox 503 883 2129 979; baseline -0.002 -22"><span class='ocrx_word' id='word_1_41' title='bbox 503 890 684 959; x_wconf 87' lang='lat' dir='ltr'><strong>misit</strong></span> <span class='ocrx_word' id='word_1_42' title='bbox 717 889 812 972; x_wconf 90' lang='lat' dir='ltr'><strong>ei,</strong></span> <span class='ocrx_word' id='word_1_43' title='bbox 853 886 1240 955; x_wconf 83' lang='lat' dir='ltr'><strong>exhortatus</strong></span> <span class='ocrx_word' id='word_1_44' title='bbox 1269 900 1346 954; x_wconf 87' lang='lat' dir='ltr'><strong>ut</strong></span> <span class='ocrx_word' id='word_1_45' title='bbox 1369 884 1555 979; x_wconf 85' lang='lat' dir='ltr'><strong>large</strong></span> <span class='ocrx_word' id='word_1_46' title='bbox 1588 886 1769 952; x_wconf 87' lang='lat' dir='ltr'><strong>Deos</strong></span> <span class='ocrx_word' id='word_1_47' title='bbox 1804 883 2129 953; x_wconf 88' lang='lat' dir='ltr'><strong>adoraret.</strong></span> 
     </span>
    </p>

    <p class='ocr_par' dir='ltr' id='par_1_3' title="bbox 437 988 2649 2043">
     <span class='ocr_line' id='line_1_7' title="bbox 437 988 2645 1087; baseline 0.002 -28"><span class='ocrx_word' id='word_1_48' title='bbox 437 1020 468 1074; x_wconf 77' lang='lat'>5</span> <span class='ocrx_word' id='word_1_49' title='bbox 612 993 796 1063; x_wconf 89' lang='lat' dir='ltr'><strong>Thus</strong></span> <span class='ocrx_word' id='word_1_50' title='bbox 848 990 1200 1063; x_wconf 88' lang='lat' dir='ltr'><strong>collectum</strong></span> <span class='ocrx_word' id='word_1_51' title='bbox 1266 988 1587 1061; x_wconf 85' lang='lat' dir='ltr'><strong>Sabota²⁰</strong></span> <span class='ocrx_word' id='word_1_52' title='bbox 1638 989 1903 1059; x_wconf 88' lang='lat' dir='ltr'><strong>camelis</strong></span> <span class='ocrx_word' id='word_1_53' title='bbox 1960 988 2386 1072; x_wconf 77' lang='lat' dir='ltr'><strong>convehitur,</strong></span> <span class='ocrx_word' id='word_1_54' title='bbox 2438 1007 2645 1087; x_wconf 86' lang='lat' dir='ltr'><strong>porta</strong></span> 
     </span>
     <span class='ocr_line' id='line_1_8' title="bbox 505 1093 2647 1193; baseline -0 -24"><span class='ocrx_word' id='word_1_55' title='bbox 505 1100 592 1170; x_wconf 89' lang='lat' dir='ltr'><strong>ad</strong></span> <span class='ocrx_word' id='word_1_56' title='bbox 613 1099 680 1170; x_wconf 90' lang='lat' dir='ltr'><strong>id</strong></span> <span class='ocrx_word' id='word_1_57' title='bbox 712 1124 848 1169; x_wconf 86' lang='lat' dir='ltr'><strong>una</strong></span> <span class='ocrx_word' id='word_1_58' title='bbox 881 1111 1166 1193; x_wconf 86' lang='lat' dir='ltr'><strong>patente.</strong></span> <span class='ocrx_word' id='word_1_59' title='bbox 1202 1094 1559 1192; x_wconf 81' lang='lat' dir='ltr'><strong>Degredi²¹</strong></span> <span class='ocrx_word' id='word_1_60' title='bbox 1590 1098 1699 1165; x_wconf 85' lang='lat' dir='ltr'><strong>via</strong></span> <span class='ocrx_word' id='word_1_61' title='bbox 1733 1093 2015 1191; x_wconf 82' lang='lat' dir='ltr'><strong>capitale</strong></span> <span class='ocrx_word' id='word_1_62' title='bbox 2047 1095 2223 1192; x_wconf 85' lang='lat' dir='ltr'><strong>leges</strong></span> <span class='ocrx_word' id='word_1_63' title='bbox 2256 1096 2647 1169; x_wconf 83' lang='lat' dir='ltr'><strong>fecere.1bi</strong></span> 
     </span>
     <span class='ocr_line' id='line_1_9' title="bbox 503 1202 2649 1324; baseline -0.001 -47"><span class='ocrx_word' id='word_1_64' title='bbox 503 1206 800 1278; x_wconf 88' lang='lat' dir='ltr'><strong>decimas</strong></span> <span class='ocrx_word' id='word_1_65' title='bbox 844 1202 1053 1274; x_wconf 85' lang='lat' dir='ltr'><strong>Deo²²</strong></span> <span class='ocrx_word' id='word_1_66' title='bbox 1066 1258 1085 1293; x_wconf 92' lang='lat'><strong>,</strong></span> <span class='ocrx_word' id='word_1_67' title='bbox 1129 1229 1327 1299; x_wconf 87' lang='lat' dir='ltr'><strong>quem</strong></span> <span class='ocrx_word' id='word_1_68' title='bbox 1359 1216 1607 1273; x_wconf 80' lang='lat' dir='ltr'><strong>vocant</strong></span> <span class='ocrx_word' id='word_1_69' title='bbox 1644 1202 1876 1292; x_wconf 80' lang='lat' dir='ltr'><strong>Sabin,</strong></span> <span class='ocrx_word' id='word_1_70' title='bbox 1916 1228 2227 1273; x_wconf 86' lang='lat' dir='ltr'><strong>mensura</strong></span> <span class='ocrx_word' id='word_1_71' title='bbox 2246 1252 2265 1289; x_wconf 85' lang='lat'><strong>,</strong></span> <span class='ocrx_word' id='word_1_72' title='bbox 2311 1230 2447 1274; x_wconf 92' lang='lat' dir='ltr'><strong>non</strong></span> <span class='ocrx_word' id='word_1_73' title='bbox 2482 1230 2649 1324; x_wconf 82' lang='lat' dir='ltr'><strong>pon·</strong></span> 
     </span>
     <span class='ocr_line' id='line_1_10' title="bbox 503 1308 2647 1405; baseline -0.001 -22"><span class='ocrx_word' id='word_1_74' title='bbox 503 1312 663 1383; x_wconf 88' lang='lat' dir='ltr'><strong>dere</strong></span> <span class='ocrx_word' id='word_1_75' title='bbox 689 1312 1062 1381; x_wconf 88' lang='lat' dir='ltr'><strong>sacerdotes</strong></span> <span class='ocrx_word' id='word_1_76' title='bbox 1069 1311 1386 1405; x_wconf 88' lang='lat' dir='ltr'><strong>capiunt.</strong></span> <span class='ocrx_word' id='word_1_77' title='bbox 1423 1312 1569 1381; x_wconf 84' lang='lat' dir='ltr'><strong>Nec</strong></span> <span class='ocrx_word' id='word_1_78' title='bbox 1602 1322 1755 1377; x_wconf 90' lang='lat' dir='ltr'><strong>ante</strong></span> <span class='ocrx_word' id='word_1_79' title='bbox 1794 1310 2077 1379; x_wconf 85' lang='lat' dir='ltr'><strong>mercari</strong></span> <span class='ocrx_word' id='word_1_80' title='bbox 2108 1308 2309 1379; x_wconf 88' lang='lat' dir='ltr'><strong>licet.</strong></span> <span class='ocrx_word' id='word_1_81' title='bbox 2346 1310 2546 1381; x_wconf 90' lang='lat' dir='ltr'><strong>inde</strong></span> <span class='ocrx_word' id='word_1_82' title='bbox 2529 1337 2647 1381; x_wconf 80' lang='lat' dir='ltr'><strong>im·</strong></span> 
     </span>
     <span class='ocr_line' id='line_1_11' title="bbox 503 1390 2643 1515; baseline -0.001 -26"><span class='ocrx_word' id='word_1_83' title='bbox 503 1444 726 1515; x_wconf 82' lang='lat' dir='ltr'><strong>pensae</strong></span> <span class='ocrx_word' id='word_1_84' title='bbox 750 1417 1033 1513; x_wconf 83' lang='lat' dir='ltr'><strong>publicae</strong></span> <span class='ocrx_word' id='word_1_85' title='bbox 1055 1390 1445 1487; x_wconf 82' lang='lat' dir='ltr'><strong>tolerantur.</strong></span> <span class='ocrx_word' id='word_1_86' title='bbox 1466 1417 1641 1487; x_wconf 88' lang='lat' dir='ltr'><strong>Nam</strong></span> <span class='ocrx_word' id='word_1_87' title='bbox 1661 1430 1729 1484; x_wconf 90' lang='lat' dir='ltr'><strong>et</strong></span> <span class='ocrx_word' id='word_1_88' title='bbox 1744 1415 2030 1511; x_wconf 81' lang='lat' dir='ltr'><strong>benigne</strong></span> <span class='ocrx_word' id='word_1_89' title='bbox 2043 1430 2230 1486; x_wconf 88' lang='lat' dir='ltr'><strong>certo</strong></span> <span class='ocrx_word' id='word_1_90' title='bbox 2259 1404 2643 1511; x_wconf 78' lang='lat' dir='ltr'><strong>itinerum²³</strong></span> 
     </span>
     <span class='ocr_line' id='line_1_12' title="bbox 503 1522 2648 1619; baseline -0 -25"><span class='ocrx_word' id='word_1_91' title='bbox 503 1549 786 1594; x_wconf 89' lang='lat' dir='ltr'><strong>numero</strong></span> <span class='ocrx_word' id='word_1_92' title='bbox 823 1527 1007 1595; x_wconf 90' lang='lat' dir='ltr'><strong>Deus</strong></span> <span class='ocrx_word' id='word_1_93' title='bbox 1041 1523 1334 1618; x_wconf 87' lang='lat' dir='ltr'><strong>hospites</strong></span> <span class='ocrx_word' id='word_1_94' title='bbox 1375 1523 1603 1617; x_wconf 86' lang='lat' dir='ltr'><strong>pascit.</strong></span> <span class='ocrx_word' id='word_1_95' title='bbox 1642 1522 1859 1591; x_wconf 80' lang='lat' dir='ltr'><strong>Evehi</strong></span> <span class='ocrx_word' id='word_1_96' title='bbox 1888 1548 2023 1592; x_wconf 90' lang='lat' dir='ltr'><strong>non</strong></span> <span class='ocrx_word' id='word_1_97' title='bbox 2052 1536 2309 1617; x_wconf 87' lang='lat' dir='ltr'><strong>potest,</strong></span> <span class='ocrx_word' id='word_1_98' title='bbox 2352 1524 2479 1594; x_wconf 88' lang='lat' dir='ltr'><strong>nisi</strong></span> <span class='ocrx_word' id='word_1_99' title='bbox 2520 1550 2648 1619; x_wconf 88' lang='lat' dir='ltr'><strong>per</strong></span> 
     </span>
     <span class='ocr_line' id='line_1_13' title="bbox 505 1616 2650 1725; baseline -0.001 -24"><span class='ocrx_word' id='word_1_100' title='bbox 505 1616 936 1701; x_wconf 77' lang='lat' dir='ltr'><strong>Gebanitas&#39;⁴</strong></span> <span class='ocrx_word' id='word_1_101' title='bbox 971 1632 1245 1724; x_wconf 88' lang='lat' dir='ltr'><strong>:itaque</strong></span> <span class='ocrx_word' id='word_1_102' title='bbox 1273 1644 1340 1699; x_wconf 90' lang='lat' dir='ltr'><strong>et</strong></span> <span class='ocrx_word' id='word_1_103' title='bbox 1377 1628 1624 1697; x_wconf 87' lang='lat' dir='ltr'><strong>horum</strong></span> <span class='ocrx_word' id='word_1_104' title='bbox 1656 1628 1797 1722; x_wconf 83' lang='lat' dir='ltr'><strong>regi</strong></span> <span class='ocrx_word' id='word_1_105' title='bbox 1834 1628 2147 1722; x_wconf 88' lang='lat' dir='ltr'><strong>penditur</strong></span> <span class='ocrx_word' id='word_1_106' title='bbox 2184 1628 2483 1725; x_wconf 81' lang='lat' dir='ltr'><strong>vectigal.</strong></span> <span class='ocrx_word' id='word_1_107' title='bbox 2524 1633 2650 1701; x_wconf 86' lang='lat' dir='ltr'><strong>Ca·</strong></span> 
     </span>
     <span class='ocr_line' id='line_1_14' title="bbox 503 1734 2649 1833; baseline 0 -27"><span class='ocrx_word' id='word_1_108' title='bbox 503 1752 628 1833; x_wconf 93' lang='lat' dir='ltr'><strong>put</strong></span> <span class='ocrx_word' id='word_1_109' title='bbox 655 1761 886 1806; x_wconf 87' lang='lat' dir='ltr'><strong>eorum</strong></span> <span class='ocrx_word' id='word_1_110' title='bbox 929 1736 1234 1805; x_wconf 88' lang='lat' dir='ltr'><strong>Thomna</strong></span> <span class='ocrx_word' id='word_1_111' title='bbox 1271 1735 1461 1805; x_wconf 85' lang='lat' dir='ltr'><strong>abest</strong></span> <span class='ocrx_word' id='word_1_112' title='bbox 1488 1758 1529 1803; x_wconf 89' lang='lat' dir='ltr'><strong>a</strong></span> <span class='ocrx_word' id='word_1_113' title='bbox 1566 1736 1752 1804; x_wconf 88' lang='lat' dir='ltr'><strong>Gaza</strong></span> <span class='ocrx_word' id='word_1_114' title='bbox 1778 1736 1989 1805; x_wconf 87' lang='lat' dir='ltr'><strong>nostri</strong></span> <span class='ocrx_word' id='word_1_115' title='bbox 2032 1734 2323 1805; x_wconf 89' lang='lat' dir='ltr'><strong>littoris</strong></span> <span class='ocrx_word' id='word_1_116' title='bbox 2304 1761 2373 1807; x_wconf 85' lang='grc' dir='ltr'><strong>ιιι</strong></span> <span class='ocrx_word' id='word_1_117' title='bbox 2412 1736 2649 1807; x_wconf 66' lang='lat' dir='ltr'><strong>sudam</strong></span> 
     </span>
     <span class='ocr_line' id='line_1_15' title="bbox 505 1826 2647 1939; baseline 0 -27"><span class='ocrx_word' id='word_1_118' title='bbox 505 1843 754 1939; x_wconf 90' lang='lat' dir='ltr'><strong>oppido</strong></span> <span class='ocrx_word' id='word_1_119' title='bbox 793 1866 960 1911; x_wconf 76' lang='lat' dir='ltr'><strong>xmv</strong></span> <span class='ocrx_word' id='word_1_120' title='bbox 1009 1865 1219 1911; x_wconf 88' lang='lat' dir='ltr'>xxxv1</span> <span class='ocrx_word' id='word_1_121' title='bbox 1264 1834 1469 1911; x_wconf 83' lang='lat' dir='ltr'><strong>millia</strong></span> <span class='ocrx_word' id='word_1_122' title='bbox 1520 1826 1899 1936; x_wconf 81' lang='lat' dir='ltr'><strong>passuum²⁵</strong></span> <span class='ocrx_word' id='word_1_123' title='bbox 1918 1894 1938 1928; x_wconf 92' lang='lat'><strong>,</strong></span> <span class='ocrx_word' id='word_1_124' title='bbox 1978 1841 2159 1937; x_wconf 89' lang='lat' dir='ltr'><strong>quod</strong></span> <span class='ocrx_word' id='word_1_125' title='bbox 2214 1841 2595 1912; x_wconf 85' lang='lat' dir='ltr'><strong>dividitur</strong></span> <span class='ocrx_word' id='word_1_126' title='bbox 2576 1869 2647 1914; x_wconf 85' lang='grc' dir='ltr'><strong>ιιι</strong></span> 
     </span>
     <span class='ocr_line' id='line_1_16' title="bbox 505 1948 2651 2043; baseline -0 -23"><span class='ocrx_word' id='word_1_127' title='bbox 505 1950 880 2020; x_wconf 88' lang='lat' dir='ltr'><strong>mansiones</strong></span> <span class='ocrx_word' id='word_1_128' title='bbox 897 1948 1302 2019; x_wconf 86' lang='lat' dir='ltr'><strong>camelorum</strong></span> <span class='ocrx_word' id='word_1_129' title='bbox 1333 1972 1502 2019; x_wconf 76' lang='lat' dir='ltr'><strong>va.</strong></span> <span class='ocrx_word' id='word_1_130' title='bbox 1542 1949 1717 2017; x_wconf 87' lang='lat' dir='ltr'><strong>Sunt</strong></span> <span class='ocrx_word' id='word_1_131' title='bbox 1737 1961 1806 2017; x_wconf 85' lang='lat' dir='ltr'><strong>et</strong></span> <span class='ocrx_word' id='word_1_132' title='bbox 1832 1972 1979 2043; x_wconf 85' lang='lat' dir='ltr'><strong>quae</strong></span> <span class='ocrx_word' id='word_1_133' title='bbox 2008 1948 2461 2019; x_wconf 86' lang='lat' dir='ltr'><strong>sacerdotibus</strong></span> <span class='ocrx_word' id='word_1_134' title='bbox 2490 1950 2651 2019; x_wconf 86' lang='lat' dir='ltr'><strong>dan·</strong></span> 
     </span>
    </p>
   </div>
   <div class='ocr_carea' id='block_1_3' title="bbox 508 2166 1528 2323">
    <p class='ocr_par' dir='ltr' id='par_1_4' title="bbox 508 2166 1528 2323">
     <span class='ocr_line' id='line_1_17' title="bbox 508 2166 1526 2240; baseline -0.001 -16"><span class='ocrx_word' id='word_1_135' title='bbox 508 2171 792 2224; x_wconf 78' lang='lat' dir='ltr'><strong>Cisconius</strong></span> <span class='ocrx_word' id='word_1_136' title='bbox 829 2170 924 2223; x_wconf 91' lang='lat' dir='ltr'><strong>lib.</strong></span> <span class='ocrx_word' id='word_1_137' title='bbox 956 2166 1025 2221; x_wconf 91' lang='lat' dir='ltr'><strong>de</strong></span> <span class='ocrx_word' id='word_1_138' title='bbox 1048 2167 1282 2221; x_wconf 87' lang='lat' dir='ltr'><strong>Ponder.</strong></span> <span class='ocrx_word' id='word_1_139' title='bbox 1317 2188 1376 2240; x_wconf 87' lang='lat' dir='ltr'><strong>p.</strong></span> <span class='ocrx_word' id='word_1_140' title='bbox 1416 2178 1526 2236; x_wconf 73' lang='lat'><strong>4²3</strong></span> 
     </span>
     <span class='ocr_line' id='line_1_18' title="bbox 511 2246 1528 2323; baseline 0 -21"><span class='ocrx_word' id='word_1_141' title='bbox 511 2250 777 2323; x_wconf 79' lang='lat' dir='ltr'><strong>Agricola,</strong></span> <span class='ocrx_word' id='word_1_142' title='bbox 797 2248 893 2301; x_wconf 88' lang='lat' dir='ltr'><strong>lib.</strong></span> <span class='ocrx_word' id='word_1_143' title='bbox 909 2249 992 2300; x_wconf 87' lang='lat' dir='ltr'><strong>IV</strong></span> <span class='ocrx_word' id='word_1_144' title='bbox 1015 2246 1084 2300; x_wconf 84' lang='lat' dir='ltr'><strong>de</strong></span> <span class='ocrx_word' id='word_1_145' title='bbox 1099 2246 1272 2301; x_wconf 88' lang='lat' dir='ltr'><strong>Poud.</strong></span> <span class='ocrx_word' id='word_1_146' title='bbox 1294 2268 1348 2320; x_wconf 90' lang='lat' dir='ltr'><strong>p.</strong></span> <span class='ocrx_word' id='word_1_147' title='bbox 1384 2256 1486 2314; x_wconf 85' lang='grc' dir='ltr'><strong>ιο4</strong></span> <span class='ocrx_word' id='word_1_148' title='bbox 1512 2288 1528 2315; x_wconf 88' lang='grc'><em>,</em></span> 
     </span>
    </p>
   </div>
   <div class='ocr_carea' id='block_1_4' title="bbox 1614 2170 2652 2308">
    <p class='ocr_par' dir='ltr' id='par_1_5' title="bbox 1614 2170 2652 2308">
     <span class='ocr_line' id='line_1_19' title="bbox 1614 2170 2648 2241; baseline 0.008 -19"><span class='ocrx_word' id='word_1_149' title='bbox 1614 2170 1825 2241; x_wconf 60' lang='lat' dir='ltr'><strong>digredi,</strong></span> <span class='ocrx_word' id='word_1_150' title='bbox 1842 2183 1903 2223; x_wconf 91' lang='lat' dir='ltr'><strong>ut</strong></span> <span class='ocrx_word' id='word_1_151' title='bbox 1920 2171 2101 2235; x_wconf 79' lang='lat' dir='ltr'><strong>ferunt</strong></span> <span class='ocrx_word' id='word_1_152' title='bbox 2113 2170 2276 2226; x_wconf 71' lang='lat' dir='ltr'><strong>Hes-d.</strong></span> <span class='ocrx_word' id='word_1_153' title='bbox 2292 2171 2445 2227; x_wconf 86' lang='lat' dir='ltr'><strong>editt.</strong></span> <span class='ocrx_word' id='word_1_154' title='bbox 2470 2174 2648 2231; x_wconf 70' lang='grc' dir='ltr'><strong>Βιοτ.</strong></span> 
     </span>
     <span class='ocr_line' id='line_1_20' title="bbox 1700 2251 2652 2308; baseline 0.007 -7"><span class='ocrx_word' id='word_1_155' title='bbox 1700 2269 1791 2305; x_wconf 74' lang='lat'><strong>2².</strong></span> <span class='ocrx_word' id='word_1_156' title='bbox 1838 2251 1961 2303; x_wconf 85' lang='lat' dir='ltr'><strong>Deo.</strong></span> <span class='ocrx_word' id='word_1_157' title='bbox 2003 2252 2179 2305; x_wconf 84' lang='lat' dir='ltr'><strong>Solem</strong></span> <span class='ocrx_word' id='word_1_158' title='bbox 2217 2252 2291 2305; x_wconf 84' lang='lat' dir='ltr'><strong>ait</strong></span> <span class='ocrx_word' id='word_1_159' title='bbox 2326 2270 2438 2307; x_wconf 86' lang='lat' dir='ltr'><strong>esse</strong></span> <span class='ocrx_word' id='word_1_160' title='bbox 2468 2254 2652 2308; x_wconf 81' lang='lat' dir='ltr'><strong>Theo-</strong></span> 
     </span>
    </p>
   </div>
   <div class='ocr_carea' id='block_1_5' title="bbox 508 2325 1540 3902">
    <p class='ocr_par' dir='ltr' id='par_1_6' title="bbox 508 2325 1537 3432">
     <span class='ocr_line' id='line_1_21' title="bbox 509 2325 1530 2399; baseline -0.001 -17"><span class='ocrx_word' id='word_1_161' title='bbox 509 2343 564 2383; x_wconf 87' lang='lat' dir='ltr'><strong>et</strong></span> <span class='ocrx_word' id='word_1_162' title='bbox 599 2330 829 2383; x_wconf 79' lang='lat' dir='ltr'><strong>Mariana</strong></span> <span class='ocrx_word' id='word_1_163' title='bbox 867 2328 965 2381; x_wconf 86' lang='lat' dir='ltr'><strong>lib.</strong></span> <span class='ocrx_word' id='word_1_164' title='bbox 1005 2325 1074 2381; x_wconf 86' lang='lat' dir='ltr'><strong>de</strong></span> <span class='ocrx_word' id='word_1_165' title='bbox 1106 2326 1280 2381; x_wconf 89' lang='lat' dir='ltr'><strong>Pond.</strong></span> <span class='ocrx_word' id='word_1_166' title='bbox 1319 2347 1373 2399; x_wconf 89' lang='lat' dir='ltr'><strong>p.</strong></span> <span class='ocrx_word' id='word_1_167' title='bbox 1421 2332 1530 2395; x_wconf 88' lang='lat'><strong>66,</strong></span> 
     </span>
     <span class='ocr_line' id='line_1_22' title="bbox 508 2404 1533 2471; baseline -0.001 -9"><span class='ocrx_word' id='word_1_168' title='bbox 508 2410 718 2462; x_wconf 84' lang='lat' dir='ltr'><em>XXIX</em></span> <span class='ocrx_word' id='word_1_169' title='bbox 731 2428 754 2471; x_wconf 81' lang='lat'><strong>,-</strong></span> <span class='ocrx_word' id='word_1_170' title='bbox 781 2408 1147 2460; x_wconf 79' lang='lat' dir='ltr'><strong>Hotomannus</strong></span> <span class='ocrx_word' id='word_1_171' title='bbox 1165 2448 1179 2470; x_wconf 91' lang='lat'>‚</span> <span class='ocrx_word' id='word_1_172' title='bbox 1221 2408 1315 2459; x_wconf 89' lang='lat' dir='ltr'><strong>lib.</strong></span> <span class='ocrx_word' id='word_1_173' title='bbox 1352 2404 1422 2459; x_wconf 89' lang='lat' dir='ltr'><strong>de</strong></span> <span class='ocrx_word' id='word_1_174' title='bbox 1454 2410 1533 2461; x_wconf 80' lang='lat' dir='ltr'><strong>Re</strong></span> 
     </span>
     <span class='ocr_line' id='line_1_23' title="bbox 509 2486 1535 2557; baseline -0.003 -14"><span class='ocrx_word' id='word_1_175' title='bbox 509 2490 790 2543; x_wconf 79' lang='lat' dir='ltr'><strong>Nummar.</strong></span> <span class='ocrx_word' id='word_1_176' title='bbox 833 2504 954 2557; x_wconf 77' lang='lat' dir='ltr'><strong>pag.</strong></span> <span class='ocrx_word' id='word_1_177' title='bbox 1003 2504 1026 2539; x_wconf 85' lang='grc' dir='ltr'><strong>ι</strong></span> <span class='ocrx_word' id='word_1_178' title='bbox 1045 2492 1144 2550; x_wconf 73' lang='grc'><strong>14,</strong></span> <span class='ocrx_word' id='word_1_179' title='bbox 1175 2498 1230 2539; x_wconf 88' lang='lat' dir='ltr'><strong>et</strong></span> <span class='ocrx_word' id='word_1_180' title='bbox 1257 2486 1535 2540; x_wconf 78' lang='lat' dir='ltr'><strong>Pintianus</strong></span> 
     </span>
     <span class='ocr_line' id='line_1_24' title="bbox 511 2565 1534 2637; baseline -0.002 -16"><span class='ocrx_word' id='word_1_181' title='bbox 511 2568 777 2621; x_wconf 85' lang='lat' dir='ltr'><em>XXXIII</em></span> <span class='ocrx_word' id='word_1_182' title='bbox 811 2584 1069 2637; x_wconf 83' lang='lat' dir='ltr'><strong>reponere</strong></span> <span class='ocrx_word' id='word_1_183' title='bbox 1121 2566 1384 2619; x_wconf 86' lang='lat' dir='ltr'><strong>nituntur.</strong></span> <span class='ocrx_word' id='word_1_184' title='bbox 1427 2565 1534 2619; x_wconf 85' lang='lat' dir='ltr'><strong>Sed</strong></span> 
     </span>
     <span class='ocr_line' id='line_1_25' title="bbox 511 2645 1533 2711; baseline -0.003 -10"><span class='ocrx_word' id='word_1_185' title='bbox 511 2648 670 2703; x_wconf 67' lang='lat' dir='ltr'><strong>mina</strong></span> <span class='ocrx_word' id='word_1_186' title='bbox 697 2664 828 2700; x_wconf 80' lang='lat' dir='ltr'><strong>voce</strong></span> <span class='ocrx_word' id='word_1_187' title='bbox 842 2685 859 2711; x_wconf 87' lang='lat'>‚</span> <span class='ocrx_word' id='word_1_188' title='bbox 876 2647 978 2699; x_wconf 88' lang='lat' dir='ltr'><strong>hoc</strong></span> <span class='ocrx_word' id='word_1_189' title='bbox 998 2646 1122 2699; x_wconf 89' lang='lat' dir='ltr'><strong>loco</strong></span> <span class='ocrx_word' id='word_1_190' title='bbox 1145 2646 1377 2710; x_wconf 82' lang='lat' dir='ltr'><strong>Plinius,</strong></span> <span class='ocrx_word' id='word_1_191' title='bbox 1399 2658 1459 2697; x_wconf 88' lang='lat' dir='ltr'><strong>ut</strong></span> <span class='ocrx_word' id='word_1_192' title='bbox 1474 2645 1533 2698; x_wconf 91' lang='lat' dir='ltr'><strong>in</strong></span> 
     </span>
     <span class='ocr_line' id='line_1_26' title="bbox 509 2724 1535 2800; baseline -0.005 -18"><span class='ocrx_word' id='word_1_193' title='bbox 509 2729 782 2800; x_wconf 74' lang='lat' dir='ltr'><strong>prioribus</strong></span> <span class='ocrx_word' id='word_1_194' title='bbox 819 2726 959 2779; x_wconf 80' lang='lat' dir='ltr'><strong>notis</strong></span> <span class='ocrx_word' id='word_1_195' title='bbox 1012 2724 1388 2790; x_wconf 74' lang='lat' dir='ltr'><strong>indicavimus,</strong></span> <span class='ocrx_word' id='word_1_196' title='bbox 1434 2744 1535 2795; x_wconf 86' lang='lat' dir='ltr'><strong>pro</strong></span> 
     </span>
     <span class='ocr_line' id='line_1_27' title="bbox 509 2806 1535 2861; baseline -0.004 -1"><span class='ocrx_word' id='word_1_197' title='bbox 509 2809 646 2861; x_wconf 75' lang='lat' dir='ltr'><strong>libra</strong></span> <span class='ocrx_word' id='word_1_198' title='bbox 665 2824 886 2860; x_wconf 81' lang='lat' dir='ltr'><strong>romana</strong></span> <span class='ocrx_word' id='word_1_199' title='bbox 901 2806 1136 2858; x_wconf 67' lang='lat' dir='ltr'><strong>abutitur</strong></span> <span class='ocrx_word' id='word_1_200' title='bbox 1156 2823 1169 2857; x_wconf 93' lang='lat'><strong>:</strong></span> <span class='ocrx_word' id='word_1_201' title='bbox 1189 2822 1290 2857; x_wconf 86' lang='lat' dir='ltr'><strong>nec</strong></span> <span class='ocrx_word' id='word_1_202' title='bbox 1308 2806 1535 2857; x_wconf 79' lang='lat' dir='ltr'><strong>Atticam</strong></span> 
     </span>
     <span class='ocr_line' id='line_1_28' title="bbox 511 2881 1535 2957; baseline -0.005 -17"><span class='ocrx_word' id='word_1_203' title='bbox 511 2887 778 2957; x_wconf 77' lang='lat' dir='ltr'><strong>intelligit,</strong></span> <span class='ocrx_word' id='word_1_204' title='bbox 793 2902 912 2955; x_wconf 74' lang='lat' dir='ltr'><strong>quae</strong></span> <span class='ocrx_word' id='word_1_205' title='bbox 929 2896 1143 2936; x_wconf 85' lang='lat' dir='ltr'><strong>centum</strong></span> <span class='ocrx_word' id='word_1_206' title='bbox 1157 2881 1535 2937; x_wconf 84' lang='lat' dir='ltr'><strong>drachmarum</strong></span> 
     </span>
     <span class='ocr_line' id='line_1_29' title="bbox 516 2960 1537 3033; baseline -0.003 -15"><span class='ocrx_word' id='word_1_207' title='bbox 516 2966 620 3019; x_wconf 82' lang='lat' dir='ltr'><strong>fuit</strong></span> <span class='ocrx_word' id='word_1_208' title='bbox 663 2982 676 3017; x_wconf 73' lang='grc' dir='ltr'><strong><em>ε</em></strong></span> <span class='ocrx_word' id='word_1_209' title='bbox 729 2965 879 3033; x_wconf 83' lang='lat' dir='ltr'><strong>cujus</strong></span> <span class='ocrx_word' id='word_1_210' title='bbox 931 2962 1084 3015; x_wconf 83' lang='lat' dir='ltr'><strong>tertia</strong></span> <span class='ocrx_word' id='word_1_211' title='bbox 1133 2980 1256 3033; x_wconf 83' lang='lat' dir='ltr'><strong>pars</strong></span> <span class='ocrx_word' id='word_1_212' title='bbox 1302 2960 1537 3033; x_wconf 84' lang='lat' dir='ltr'><strong>proinde</strong></span> 
     </span>
     <span class='ocr_line' id='line_1_30' title="bbox 517 3040 1537 3097; baseline -0.003 1"><span class='ocrx_word' id='word_1_213' title='bbox 517 3044 782 3097; x_wconf 74' lang='lat' dir='ltr'><strong>drachmas</strong></span> <span class='ocrx_word' id='word_1_214' title='bbox 825 3058 1012 3093; x_wconf 79' lang='lat' dir='ltr'><strong>xxxnt</strong></span> <span class='ocrx_word' id='word_1_215' title='bbox 1057 3042 1219 3095; x_wconf 84' lang='lat' dir='ltr'><strong>fuere.</strong></span> <span class='ocrx_word' id='word_1_216' title='bbox 1264 3042 1352 3096; x_wconf 90' lang='lat' dir='ltr'><strong>Sic</strong></span> <span class='ocrx_word' id='word_1_217' title='bbox 1393 3040 1537 3095; x_wconf 84' lang='lat' dir='ltr'><strong>idem</strong></span> 
     </span>
     <span class='ocr_line' id='line_1_31' title="bbox 515 3122 1537 3193; baseline -0.001 -17"><span class='ocrx_word' id='word_1_218' title='bbox 515 3123 613 3176; x_wconf 87' lang='lat' dir='ltr'><strong>lib.</strong></span> <span class='ocrx_word' id='word_1_219' title='bbox 635 3122 790 3185; x_wconf 86' lang='lat' dir='ltr'><strong>XIV,</strong></span> <span class='ocrx_word' id='word_1_220' title='bbox 809 3138 926 3191; x_wconf 71' lang='lat' dir='ltr'><strong>cap.</strong></span> <span class='ocrx_word' id='word_1_221' title='bbox 953 3136 1041 3183; x_wconf 67' lang='grc' dir='ltr'><strong>αι,</strong></span> <span class='ocrx_word' id='word_1_222' title='bbox 1061 3140 1191 3193; x_wconf 79' lang='lat' dir='ltr'><strong>quas</strong></span> <span class='ocrx_word' id='word_1_223' title='bbox 1213 3123 1364 3174; x_wconf 78' lang='lat' dir='ltr'><strong>mellis</strong></span> <span class='ocrx_word' id='word_1_224' title='bbox 1377 3123 1537 3175; x_wconf 78' lang='lat' dir='ltr'><strong>decem</strong></span> 
     </span>
     <span class='ocr_line' id='line_1_32' title="bbox 517 3200 1535 3269; baseline 0 -14"><span class='ocrx_word' id='word_1_225' title='bbox 517 3202 700 3265; x_wconf 77' lang='lat' dir='ltr'><strong>libras,</strong></span> <span class='ocrx_word' id='word_1_226' title='bbox 729 3200 796 3255; x_wconf 76' lang='lat' dir='ltr'><strong>ad</strong></span> <span class='ocrx_word' id='word_1_227' title='bbox 826 3201 1066 3269; x_wconf 77' lang='lat' dir='ltr'><strong>oxymeli</strong></span> <span class='ocrx_word' id='word_1_228' title='bbox 1103 3201 1535 3255; x_wconf 85' lang='lat' dir='ltr'><strong>concinnandum</strong></span> 
     </span>
     <span class='ocr_line' id='line_1_33' title="bbox 515 3278 1533 3354; baseline 0 -19"><span class='ocrx_word' id='word_1_229' title='bbox 515 3282 775 3354; x_wconf 85' lang='lat' dir='ltr'><strong>postulat,</strong></span> <span class='ocrx_word' id='word_1_230' title='bbox 795 3280 890 3332; x_wconf 83' lang='lat' dir='ltr'><strong>has</strong></span> <span class='ocrx_word' id='word_1_231' title='bbox 909 3279 1024 3349; x_wconf 85' lang='lat' dir='ltr'><strong>ipse</strong></span> <span class='ocrx_word' id='word_1_232' title='bbox 1049 3280 1144 3333; x_wconf 83' lang='lat' dir='ltr'><strong>lib.</strong></span> <span class='ocrx_word' id='word_1_233' title='bbox 1176 3278 1392 3346; x_wconf 80' lang='lat' dir='ltr'><strong>xxm,</strong></span> <span class='ocrx_word' id='word_1_234' title='bbox 1415 3299 1533 3353; x_wconf 77' lang='lat' dir='ltr'><strong>cap.</strong></span> 
     </span>
     <span class='ocr_line' id='line_1_34' title="bbox 525 3360 1511 3432; baseline 0.001 -19"><span class='ocrx_word' id='word_1_235' title='bbox 525 3380 620 3431; x_wconf 75' lang='lat'><strong>²9·</strong></span> <span class='ocrx_word' id='word_1_236' title='bbox 637 3362 785 3413; x_wconf 77' lang='lat' dir='ltr'><strong>mellis</strong></span> <span class='ocrx_word' id='word_1_237' title='bbox 811 3360 966 3411; x_wconf 69' lang='lat' dir='ltr'><strong>minas</strong></span> <span class='ocrx_word' id='word_1_238' title='bbox 990 3360 1148 3411; x_wconf 83' lang='lat' dir='ltr'><strong>decem</strong></span> <span class='ocrx_word' id='word_1_239' title='bbox 1167 3362 1415 3432; x_wconf 77' lang='lat' dir='ltr'><strong>appellat.</strong></span> <span class='ocrx_word' id='word_1_240' title='bbox 1445 3361 1511 3413; x_wconf 82' lang='lat' dir='ltr'><strong>H.</strong></span> 
     </span>
    </p>

    <p class='ocr_par' dir='ltr' id='par_1_7' title="bbox 517 3437 1538 3672">
     <span class='ocr_line' id='line_1_35' title="bbox 607 3437 1538 3509; baseline 0.001 -17"><span class='ocrx_word' id='word_1_241' title='bbox 607 3458 696 3507; x_wconf 85' lang='lat'><strong>19.</strong></span> <span class='ocrx_word' id='word_1_242' title='bbox 725 3438 1010 3493; x_wconf 66' lang='lat' dir='ltr'><strong>Alexandro</strong></span> <span class='ocrx_word' id='word_1_243' title='bbox 1031 3440 1234 3509; x_wconf 74' lang='lat' dir='ltr'><strong>Magno.</strong></span> <span class='ocrx_word' id='word_1_244' title='bbox 1259 3442 1379 3493; x_wconf 88' lang='lat' dir='ltr'><strong>Hoc</strong></span> <span class='ocrx_word' id='word_1_245' title='bbox 1417 3437 1538 3493; x_wconf 85' lang='lat' dir='ltr'><strong>toti·</strong></span> 
     </span>
     <span class='ocr_line' id='line_1_36' title="bbox 517 3517 1534 3591; baseline 0 -18"><span class='ocrx_word' id='word_1_246' title='bbox 517 3517 642 3573; x_wconf 87' lang='lat' dir='ltr'><strong>dem</strong></span> <span class='ocrx_word' id='word_1_247' title='bbox 665 3519 840 3573; x_wconf 85' lang='lat' dir='ltr'><strong>verbis</strong></span> <span class='ocrx_word' id='word_1_248' title='bbox 857 3518 1201 3573; x_wconf 75' lang='lat' dir='ltr'><strong>Plutarchus</strong></span> <span class='ocrx_word' id='word_1_249' title='bbox 1187 3538 1243 3573; x_wconf 86' lang='lat' dir='ltr'><strong>m</strong></span> <span class='ocrx_word' id='word_1_250' title='bbox 1257 3519 1534 3591; x_wconf 77' lang='lat' dir='ltr'><strong>Apophth.</strong></span> 
     </span>
     <span class='ocr_line' id='line_1_37' title="bbox 517 3598 996 3672; baseline -0.004 -21"><span class='ocrx_word' id='word_1_251' title='bbox 517 3618 636 3672; x_wconf 79' lang='lat' dir='ltr'><strong>pag.</strong></span> <span class='ocrx_word' id='word_1_252' title='bbox 669 3617 796 3670; x_wconf 86' lang='lat'><strong>179.</strong></span> <span class='ocrx_word' id='word_1_253' title='bbox 821 3598 996 3651; x_wconf 61' lang='lat' dir='ltr'><strong>Han.</strong></span> 
     </span>
    </p>

    <p class='ocr_par' dir='ltr' id='par_1_8' title="bbox 521 3675 1540 3902">
     <span class='ocr_line' id='line_1_38' title="bbox 604 3675 1540 3745; baseline 0 -13"><span class='ocrx_word' id='word_1_254' title='bbox 604 3698 695 3732; x_wconf 65' lang='grc' dir='ltr'><strong>πο.</strong></span> <span class='ocrx_word' id='word_1_255' title='bbox 716 3678 919 3732; x_wconf 75' lang='lat' dir='ltr'><strong>Sabota.</strong></span> <span class='ocrx_word' id='word_1_256' title='bbox 954 3677 1034 3731; x_wconf 82' lang='grc' dir='ltr'><strong>Τὰ</strong></span> <span class='ocrx_word' id='word_1_257' title='bbox 1064 3675 1295 3745; x_wconf 61' lang='lat' dir='ltr'><strong>zievi-a,</strong></span> <span class='ocrx_word' id='word_1_258' title='bbox 1335 3676 1447 3736; x_wconf 78' lang='lat' dir='ltr'><strong>vel,</strong></span> <span class='ocrx_word' id='word_1_259' title='bbox 1476 3689 1540 3732; x_wconf 83' lang='lat' dir='ltr'><strong>ut</strong></span> 
     </span>
     <span class='ocr_line' id='line_1_39' title="bbox 521 3756 1539 3829; baseline 0 -18"><span class='ocrx_word' id='word_1_260' title='bbox 521 3772 702 3813; x_wconf 76' lang='lat' dir='ltr'><strong>auctor</strong></span> <span class='ocrx_word' id='word_1_261' title='bbox 727 3758 841 3811; x_wconf 86' lang='lat' dir='ltr'><strong>Peri</strong></span> <span class='ocrx_word' id='word_1_262' title='bbox 847 3756 941 3829; x_wconf 86' lang='lat' dir='ltr'><strong>pli,</strong></span> <span class='ocrx_word' id='word_1_263' title='bbox 951 3756 1018 3811; x_wconf 81' lang='grc' dir='ltr'><strong>τὰ</strong></span> <span class='ocrx_word' id='word_1_264' title='bbox 1032 3756 1292 3823; x_wconf 54' lang='lat' dir='ltr'><strong>saecuta,</strong></span> <span class='ocrx_word' id='word_1_265' title='bbox 1309 3776 1539 3811; x_wconf 84' lang='lat' dir='ltr'><strong>numero</strong></span> 
     </span>
     <span class='ocr_line' id='line_1_40' title="bbox 521 3835 1538 3902; baseline -0.002 -9"><span class='ocrx_word' id='word_1_266' title='bbox 521 3837 892 3893; x_wconf 74' lang='lat' dir='ltr'><strong>multitudinis.</strong></span> <span class='ocrx_word' id='word_1_267' title='bbox 926 3835 1056 3891; x_wconf 82' lang='lat' dir='ltr'><strong>vid.</strong></span> <span class='ocrx_word' id='word_1_268' title='bbox 1085 3838 1198 3902; x_wconf 84' lang='lat' dir='ltr'><strong>VI,</strong></span> <span class='ocrx_word' id='word_1_269' title='bbox 1229 3836 1320 3892; x_wconf 73' lang='lat'><strong>32.</strong></span> <span class='ocrx_word' id='word_1_270' title='bbox 1351 3838 1538 3891; x_wconf 61' lang='lat' dir='ltr'><strong>Hsan.</strong></span> 
     </span>
    </p>
   </div>
   <div class='ocr_carea' id='block_1_6' title="bbox 523 3916 1539 4069">
    <p class='ocr_par' dir='ltr' id='par_1_9' title="bbox 523 3916 1539 4069">
     <span class='ocr_line' id='line_1_41' title="bbox 605 3916 1537 3989; baseline -0.004 -16"><span class='ocrx_word' id='word_1_271' title='bbox 605 3939 696 3975; x_wconf 76' lang='grc' dir='ltr'><strong>ιιι.</strong></span> <span class='ocrx_word' id='word_1_272' title='bbox 723 3916 939 3989; x_wconf 65' lang='lat' dir='ltr'><strong>Degreda·</strong></span> <span class='ocrx_word' id='word_1_273' title='bbox 965 3920 1070 3971; x_wconf 74' lang='lat' dir='ltr'><strong>ve&#39;a.</strong></span> <span class='ocrx_word' id='word_1_274' title='bbox 1097 3917 1238 3970; x_wconf 87' lang='lat' dir='ltr'><strong>Bene</strong></span> <span class='ocrx_word' id='word_1_275' title='bbox 1269 3918 1382 3970; x_wconf 78' lang='lat' dir='ltr'><strong>MS.</strong></span> <span class='ocrx_word' id='word_1_276' title='bbox 1407 3918 1537 3987; x_wconf 75' lang='lat' dir='ltr'><strong>Reg.</strong></span> 
     </span>
     <span class='ocr_line' id='line_1_42' title="bbox 523 3996 1539 4069; baseline -0.003 -15"><span class='ocrx_word' id='word_1_277' title='bbox 523 4018 548 4054; x_wconf 84' lang='lat'>1</span> <span class='ocrx_word' id='word_1_278' title='bbox 568 4039 585 4067; x_wconf 91' lang='lat'><strong>,</strong></span> <span class='ocrx_word' id='word_1_279' title='bbox 607 4013 662 4056; x_wconf 86' lang='lat' dir='ltr'><strong>et</strong></span> <span class='ocrx_word' id='word_1_280' title='bbox 686 3998 798 4054; x_wconf 67' lang='lat' dir='ltr'><strong>hec</strong></span> <span class='ocrx_word' id='word_1_281' title='bbox 831 4010 910 4051; x_wconf 82' lang='lat' dir='ltr'><strong>est</strong></span> <span class='ocrx_word' id='word_1_282' title='bbox 933 4009 1084 4051; x_wconf 73' lang='lat' dir='ltr'><strong>vetus</strong></span> <span class='ocrx_word' id='word_1_283' title='bbox 1107 3996 1400 4069; x_wconf 77' lang='lat' dir='ltr'><strong>scriptura.</strong></span> <span class='ocrx_word' id='word_1_284' title='bbox 1428 4015 1539 4051; x_wconf 85' lang='lat' dir='ltr'><strong>non</strong></span> 
     </span>
    </p>
   </div>
   <div class='ocr_carea' id='block_1_7' title="bbox 1619 2328 2653 3587">
    <p class='ocr_par' dir='ltr' id='par_1_10' title="bbox 1619 2328 2653 2800">
     <span class='ocr_line' id='line_1_43' title="bbox 1619 2328 2652 2400; baseline 0.006 -19"><span class='ocrx_word' id='word_1_285' title='bbox 1619 2329 1823 2400; x_wconf 78' lang='lat' dir='ltr'><strong>phrast.</strong></span> <span class='ocrx_word' id='word_1_286' title='bbox 1849 2328 1983 2383; x_wconf 86' lang='lat' dir='ltr'><strong>Hist.</strong></span> <span class='ocrx_word' id='word_1_287' title='bbox 2018 2330 2098 2384; x_wconf 90' lang='lat' dir='ltr'><strong>Pl.</strong></span> <span class='ocrx_word' id='word_1_288' title='bbox 2138 2330 2255 2396; x_wconf 79' lang='lat' dir='ltr'>1x‚&#39;</span> <span class='ocrx_word' id='word_1_289' title='bbox 2273 2339 2325 2395; x_wconf 90' lang='grc'><strong>4.</strong></span> <span class='ocrx_word' id='word_1_290' title='bbox 2348 2334 2541 2385; x_wconf 79' lang='lat' dir='ltr'><strong>Iovem</strong></span> <span class='ocrx_word' id='word_1_291' title='bbox 2570 2346 2652 2387; x_wconf 77' lang='lat' dir='ltr'><strong>ts·</strong></span> 
     </span>
     <span class='ocr_line' id='line_1_44' title="bbox 1622 2409 2653 2481; baseline 0.007 -22"><span class='ocrx_word' id='word_1_292' title='bbox 1622 2426 1745 2460; x_wconf 88' lang='lat' dir='ltr'><strong>men</strong></span> <span class='ocrx_word' id='word_1_293' title='bbox 1769 2409 1917 2461; x_wconf 87' lang='lat' dir='ltr'><strong>hunc</strong></span> <span class='ocrx_word' id='word_1_294' title='bbox 1942 2409 2245 2481; x_wconf 75' lang='lat' dir='ltr'><strong>intelligunt</strong></span> <span class='ocrx_word' id='word_1_295' title='bbox 2262 2411 2455 2481; x_wconf 77' lang='lat' dir='ltr'><strong>aliqui,</strong></span> <span class='ocrx_word' id='word_1_296' title='bbox 2476 2424 2534 2465; x_wconf 85' lang='lat' dir='ltr'><strong>ct</strong></span> <span class='ocrx_word' id='word_1_297' title='bbox 2554 2414 2653 2467; x_wconf 77' lang='lat' dir='ltr'><strong>As-</strong></span> 
     </span>
     <span class='ocr_line' id='line_1_45' title="bbox 1622 2488 2646 2563; baseline 0.007 -25"><span class='ocrx_word' id='word_1_298' title='bbox 1622 2488 1866 2539; x_wconf 83' lang='lat' dir='ltr'><strong>sabinum</strong></span> <span class='ocrx_word' id='word_1_299' title='bbox 1897 2502 2113 2554; x_wconf 80' lang='lat' dir='ltr'><strong>vocant,</strong></span> <span class='ocrx_word' id='word_1_300' title='bbox 2134 2490 2311 2543; x_wconf 86' lang='lat' dir='ltr'><strong>Plinio</strong></span> <span class='ocrx_word' id='word_1_301' title='bbox 2334 2502 2495 2557; x_wconf 87' lang='lat' dir='ltr'><strong>teste,</strong></span> <span class='ocrx_word' id='word_1_302' title='bbox 2523 2512 2646 2563; x_wconf 74' lang='lat' dir='ltr'><strong>cup.</strong></span> 
     </span>
     <span class='ocr_line' id='line_1_46' title="bbox 1622 2565 2650 2635; baseline 0.009 -18"><span class='ocrx_word' id='word_1_303' title='bbox 1622 2565 1713 2629; x_wconf 86' lang='grc'><strong>43.</strong></span> <span class='ocrx_word' id='word_1_304' title='bbox 1750 2567 1930 2619; x_wconf 62' lang='lat' dir='ltr'><strong>Halm.</strong></span> <span class='ocrx_word' id='word_1_305' title='bbox 1975 2598 2055 2609; x_wconf 91' lang='lat'><strong>——</strong></span> <span class='ocrx_word' id='word_1_306' title='bbox 2090 2569 2213 2622; x_wconf 86' lang='lat' dir='ltr'><strong>Non</strong></span> <span class='ocrx_word' id='word_1_307' title='bbox 2248 2568 2514 2635; x_wconf 70' lang='lat' dir='ltr'><strong>decimas,</strong></span> <span class='ocrx_word' id='word_1_308' title='bbox 2556 2572 2650 2626; x_wconf 77' lang='lat' dir='ltr'><strong>sed</strong></span> 
     </span>
     <span class='ocr_line' id='line_1_47' title="bbox 1621 2644 2652 2718; baseline 0.007 -20"><span class='ocrx_word' id='word_1_309' title='bbox 1621 2644 1832 2698; x_wconf 74' lang='lat' dir='ltr'><strong>tertiam</strong></span> <span class='ocrx_word' id='word_1_310' title='bbox 1860 2659 2065 2718; x_wconf 73' lang='lat' dir='ltr'><strong>partem</strong></span> <span class='ocrx_word' id='word_1_311' title='bbox 2096 2649 2211 2701; x_wconf 85' lang='lat' dir='ltr'><strong>Deo</strong></span> <span class='ocrx_word' id='word_1_312' title='bbox 2242 2648 2539 2703; x_wconf 76' lang='lat' dir='ltr'><strong>sacerdotes</strong></span> <span class='ocrx_word' id='word_1_313' title='bbox 2568 2670 2652 2707; x_wconf 76' lang='lat' dir='ltr'><strong>cn·</strong></span> 
     </span>
     <span class='ocr_line' id='line_1_48' title="bbox 1620 2728 2649 2800; baseline 0.011 -25"><span class='ocrx_word' id='word_1_314' title='bbox 1620 2742 1750 2795; x_wconf 88' lang='lat' dir='ltr'><strong>pere</strong></span> <span class='ocrx_word' id='word_1_315' title='bbox 1770 2738 1957 2778; x_wconf 69' lang='lat' dir='ltr'><strong>auctor</strong></span> <span class='ocrx_word' id='word_1_316' title='bbox 1984 2738 2063 2779; x_wconf 86' lang='lat' dir='ltr'><strong>est</strong></span> <span class='ocrx_word' id='word_1_317' title='bbox 2079 2728 2357 2800; x_wconf 84' lang='lat' dir='ltr'><strong>Theophr.</strong></span> <span class='ocrx_word' id='word_1_318' title='bbox 2380 2728 2517 2785; x_wconf 88' lang='lat' dir='ltr'><strong>ibid.</strong></span> <span class='ocrx_word' id='word_1_319' title='bbox 2538 2732 2649 2786; x_wconf 82' lang='lat' dir='ltr'><strong>En.</strong></span> 
     </span>
    </p>

    <p class='ocr_par' dir='ltr' id='par_1_11' title="bbox 1622 2802 2651 3277">
     <span class='ocr_line' id='line_1_49' title="bbox 1708 2802 2651 2876; baseline 0.011 -21"><span class='ocrx_word' id='word_1_320' title='bbox 1708 2802 1799 2856; x_wconf 74' lang='lat'><strong>23.</strong></span> <span class='ocrx_word' id='word_1_321' title='bbox 1826 2806 2073 2860; x_wconf 73' lang='lat' dir='ltr'><strong>[einer-mn.</strong></span> <span class='ocrx_word' id='word_1_322' title='bbox 2106 2808 2262 2862; x_wconf 77' lang='lat' dir='ltr'><strong>MSS.</strong></span> <span class='ocrx_word' id='word_1_323' title='bbox 2292 2827 2509 2876; x_wconf 86' lang='lat' dir='ltr'><strong>omncs,</strong></span> <span class='ocrx_word' id='word_1_324' title='bbox 2556 2815 2651 2864; x_wconf 66' lang='lat' dir='ltr'><strong>2·oe-</strong></span> 
     </span>
     <span class='ocr_line' id='line_1_50' title="bbox 1624 2882 2649 2945; baseline 0.01 -10"><span class='ocrx_word' id='word_1_325' title='bbox 1624 2902 1746 2936; x_wconf 81' lang='lat' dir='ltr'><strong>rum.</strong></span> <span class='ocrx_word' id='word_1_326' title='bbox 1798 2882 2067 2939; x_wconf 78' lang='lat' dir='ltr'><strong>Sententia</strong></span> <span class='ocrx_word' id='word_1_327' title='bbox 2117 2900 2195 2941; x_wconf 84' lang='lat' dir='ltr'><strong>est</strong></span> <span class='ocrx_word' id='word_1_328' title='bbox 2242 2900 2389 2941; x_wconf 86' lang='lat' dir='ltr'><strong>certo</strong></span> <span class='ocrx_word' id='word_1_329' title='bbox 2434 2888 2649 2945; x_wconf 80' lang='lat' dir='ltr'><strong>dierum</strong></span> 
     </span>
     <span class='ocr_line' id='line_1_51' title="bbox 1622 2968 2650 3039; baseline 0.012 -25"><span class='ocrx_word' id='word_1_330' title='bbox 1622 2980 1853 3017; x_wconf 87' lang='lat' dir='ltr'><strong>numero</strong></span> <span class='ocrx_word' id='word_1_331' title='bbox 1892 2979 2229 3034; x_wconf 78' lang='lat' dir='ltr'><strong>mercatores,</strong></span> <span class='ocrx_word' id='word_1_332' title='bbox 2270 2968 2364 3039; x_wconf 88' lang='lat' dir='ltr'><strong>qui</strong></span> <span class='ocrx_word' id='word_1_333' title='bbox 2405 2969 2527 3023; x_wconf 87' lang='lat' dir='ltr'><strong>thus</strong></span> <span class='ocrx_word' id='word_1_334' title='bbox 2558 2990 2650 3025; x_wconf 73' lang='lat' dir='ltr'><strong>ve·</strong></span> 
     </span>
     <span class='ocr_line' id='line_1_52' title="bbox 1624 3043 2647 3117; baseline 0.01 -23"><span class='ocrx_word' id='word_1_335' title='bbox 1624 3043 1794 3108; x_wconf 87' lang='lat' dir='ltr'><strong>hunt,</strong></span> <span class='ocrx_word' id='word_1_336' title='bbox 1838 3062 1938 3115; x_wconf 88' lang='lat' dir='ltr'><strong>pro</strong></span> <span class='ocrx_word' id='word_1_337' title='bbox 1969 3045 2200 3117; x_wconf 86' lang='lat' dir='ltr'><strong>hospitio</strong></span> <span class='ocrx_word' id='word_1_338' title='bbox 2244 3049 2325 3101; x_wconf 88' lang='lat' dir='ltr'><strong>uti</strong></span> <span class='ocrx_word' id='word_1_339' title='bbox 2357 3046 2565 3104; x_wconf 65' lang='lat' dir='ltr'><strong>edibus</strong></span> <span class='ocrx_word' id='word_1_340' title='bbox 2596 3052 2647 3104; x_wconf 87' lang='lat' dir='ltr'><strong>ei</strong></span> 
     </span>
     <span class='ocr_line' id='line_1_53' title="bbox 1625 3123 2648 3201; baseline 0.011 -27"><span class='ocrx_word' id='word_1_341' title='bbox 1625 3124 1739 3175; x_wconf 86' lang='lat' dir='ltr'><strong>Deo</strong></span> <span class='ocrx_word' id='word_1_342' title='bbox 1768 3123 1955 3189; x_wconf 83' lang='lat' dir='ltr'><strong>sacris,</strong></span> <span class='ocrx_word' id='word_1_343' title='bbox 1980 3124 2322 3199; x_wconf 82' lang='lat' dir='ltr'><strong>ejusdemque</strong></span> <span class='ocrx_word' id='word_1_344' title='bbox 2345 3130 2648 3201; x_wconf 83' lang='lat' dir='ltr'><strong>sumptibus</strong></span> 
     </span>
     <span class='ocr_line' id='line_1_54' title="bbox 1624 3201 2446 3277; baseline 0.007 -22"><span class='ocrx_word' id='word_1_345' title='bbox 1624 3202 1700 3255; x_wconf 86' lang='lat' dir='ltr'><strong>ibi</strong></span> <span class='ocrx_word' id='word_1_346' title='bbox 1722 3201 1807 3255; x_wconf 81' lang='lat' dir='ltr'><strong>ali.</strong></span> <span class='ocrx_word' id='word_1_347' title='bbox 1834 3202 2014 3257; x_wconf 67' lang='grc' dir='ltr'><strong>ΗΑιιι).</strong></span> <span class='ocrx_word' id='word_1_348' title='bbox 2434 3271 2446 3277; x_wconf 50' lang='grc'><em>,</em></span> 
     </span>
    </p>

    <p class='ocr_par' dir='ltr' id='par_1_12' title="bbox 1623 3280 2647 3587">
     <span class='ocr_line' id='line_1_55' title="bbox 1709 3280 2647 3360; baseline 0.011 -27"><span class='ocrx_word' id='word_1_349' title='bbox 1709 3300 1735 3333; x_wconf 84' lang='lat'>2</span> <span class='ocrx_word' id='word_1_350' title='bbox 1748 3287 1801 3345; x_wconf 81' lang='grc'><strong>4.</strong></span> <span class='ocrx_word' id='word_1_351' title='bbox 1840 3280 1919 3335; x_wconf 77' lang='lat' dir='ltr'><strong>Ge</strong></span> <span class='ocrx_word' id='word_1_352' title='bbox 1918 3283 2125 3337; x_wconf 71' lang='lat' dir='ltr'><strong>bonitas.</strong></span> <span class='ocrx_word' id='word_1_353' title='bbox 2164 3285 2439 3340; x_wconf 73' lang='lat' dir='ltr'><strong>Gebanim</strong></span> <span class='ocrx_word' id='word_1_354' title='bbox 2480 3308 2647 3360; x_wconf 81' lang='lat' dir='ltr'><strong>porro</strong></span> 
     </span>
     <span class='ocr_line' id='line_1_56' title="bbox 1623 3361 2647 3437; baseline 0.011 -25"><span class='ocrx_word' id='word_1_355' title='bbox 1623 3373 1775 3427; x_wconf 87' lang='lat' dir='ltr'><strong>sunt,</strong></span> <span class='ocrx_word' id='word_1_356' title='bbox 1806 3361 1898 3432; x_wconf 88' lang='lat' dir='ltr'><strong>qui</strong></span> <span class='ocrx_word' id='word_1_357' title='bbox 1925 3364 2041 3417; x_wconf 76' lang='lat' dir='ltr'><strong>aliis</strong></span> <span class='ocrx_word' id='word_1_358' title='bbox 2067 3364 2323 3419; x_wconf 73' lang='lat' dir='ltr'><strong>Gebalitoe</strong></span> <span class='ocrx_word' id='word_1_359' title='bbox 2360 3366 2647 3437; x_wconf 83' lang='lat' dir='ltr'><strong>dicuntur,</strong></span> 
     </span>
     <span class='ocr_line' id='line_1_57' title="bbox 1624 3440 2643 3521; baseline 0.011 -30"><span class='ocrx_word' id='word_1_360' title='bbox 1624 3441 1691 3492; x_wconf 80' lang='lat' dir='ltr'><strong>ab</strong></span> <span class='ocrx_word' id='word_1_361' title='bbox 1718 3440 1921 3512; x_wconf 90' lang='lat' dir='ltr'><strong>oppido</strong></span> <span class='ocrx_word' id='word_1_362' title='bbox 1952 3442 2160 3499; x_wconf 82' lang='lat' dir='ltr'><strong>Gebala.</strong></span> <span class='ocrx_word' id='word_1_363' title='bbox 2176 3443 2304 3499; x_wconf 84' lang='lat' dir='ltr'><strong>vid.</strong></span> <span class='ocrx_word' id='word_1_364' title='bbox 2334 3448 2504 3500; x_wconf 59' lang='lat' dir='ltr'><strong>Snus.</strong></span> <span class='ocrx_word' id='word_1_365' title='bbox 2524 3468 2643 3521; x_wconf 70' lang='lat' dir='ltr'><strong>pag.</strong></span> 
     </span>
     <span class='ocr_line' id='line_1_58' title="bbox 1628 3520 2646 3587; baseline 0.012 -16"><span class='ocrx_word' id='word_1_366' title='bbox 1628 3524 1756 3587; x_wconf 86' lang='grc'>494.</span> <span class='ocrx_word' id='word_1_367' title='bbox 1780 3520 1884 3574; x_wconf 84' lang='lat' dir='ltr'><strong>En.</strong></span> <span class='ocrx_word' id='word_1_368' title='bbox 1908 3552 1989 3565; x_wconf 94' lang='lat'>—</span> <span class='ocrx_word' id='word_1_369' title='bbox 2017 3525 2099 3577; x_wconf 90' lang='lat' dir='ltr'><strong>De</strong></span> <span class='ocrx_word' id='word_1_370' title='bbox 2126 3524 2207 3577; x_wconf 83' lang='lat' dir='ltr'><strong>bis</strong></span> <span class='ocrx_word' id='word_1_371' title='bbox 2238 3538 2289 3579; x_wconf 89' lang='lat' dir='ltr'><strong>et</strong></span> <span class='ocrx_word' id='word_1_372' title='bbox 2314 3522 2383 3579; x_wconf 89' lang='lat' dir='ltr'><strong>de</strong></span> <span class='ocrx_word' id='word_1_373' title='bbox 2400 3526 2646 3582; x_wconf 79' lang='lat' dir='ltr'><strong>Thomna</strong></span> 
     </span>
    </p>
   </div>
   <div class='ocr_carea' id='block_1_8' title="bbox 1615 3598 2512 3672">
    <p class='ocr_par' dir='ltr' id='par_1_13' title="bbox 1615 3598 2512 3672">
     <span class='ocr_line' id='line_1_59' title="bbox 1615 3598 2512 3672; baseline 0.009 -21"><span class='ocrx_word' id='word_1_374' title='bbox 1615 3598 1826 3670; x_wconf 77' lang='lat' dir='ltr'><strong>oppido</strong></span> <span class='ocrx_word' id='word_1_375' title='bbox 1846 3600 2048 3672; x_wconf 78' lang='lat' dir='ltr'><strong>egimus</strong></span> <span class='ocrx_word' id='word_1_376' title='bbox 2068 3604 2177 3669; x_wconf 81' lang='lat' dir='ltr'><strong>VI,</strong></span> <span class='ocrx_word' id='word_1_377' title='bbox 2210 3605 2304 3659; x_wconf 75' lang='lat'><strong>32.</strong></span> <span class='ocrx_word' id='word_1_378' title='bbox 2325 3607 2512 3662; x_wconf 78' lang='lat' dir='ltr'><strong>Hum.</strong></span> 
     </span>
    </p>
   </div>
   <div class='ocr_carea' id='block_1_9' title="bbox 1710 3678 2655 3741">
    <p class='ocr_par' dir='ltr' id='par_1_14' title="bbox 1710 3678 2655 3741">
     <span class='ocr_line' id='line_1_60' title="bbox 1710 3678 2655 3741; baseline 0.011 -10"><span class='ocrx_word' id='word_1_379' title='bbox 1710 3678 1803 3732; x_wconf 71' lang='lat'><strong>²5.</strong></span> <span class='ocrx_word' id='word_1_380' title='bbox 1856 3680 2016 3734; x_wconf 72' lang='lat' dir='ltr'><strong>Abest</strong></span> <span class='ocrx_word' id='word_1_381' title='bbox 2052 3704 2085 3734; x_wconf 76' lang='lat' dir='ltr'><em>a</em></span> <span class='ocrx_word' id='word_1_382' title='bbox 2126 3682 2366 3741; x_wconf 81' lang='lat' dir='ltr'><strong>Gaza...</strong></span> <span class='ocrx_word' id='word_1_383' title='bbox 2420 3687 2655 3741; x_wconf 82' lang='lat' dir='ltr'><em>XLIV</em></span> 
     </span>
    </p>
   </div>
   <div class='ocr_carea' id='block_1_10' title="bbox 1628 3758 2645 3917">
    <p class='ocr_par' dir='ltr' id='par_1_15' title="bbox 1628 3758 2645 3917">
     <span class='ocr_line' id='line_1_61' title="bbox 1630 3758 2643 3835; baseline 0.011 -26"><span class='ocrx_word' id='word_1_384' title='bbox 1630 3758 1815 3811; x_wconf 82' lang='lat' dir='ltr'><strong>XXX</strong></span> <span class='ocrx_word' id='word_1_385' title='bbox 1814 3760 1897 3813; x_wconf 85' lang='lat' dir='ltr'><strong>VI</strong></span> <span class='ocrx_word' id='word_1_386' title='bbox 1922 3761 2075 3814; x_wconf 73' lang='lat' dir='ltr'><strong>millia</strong></span> <span class='ocrx_word' id='word_1_387' title='bbox 2105 3784 2349 3835; x_wconf 77' lang='lat' dir='ltr'><strong>passuum.</strong></span> <span class='ocrx_word' id='word_1_388' title='bbox 2383 3767 2467 3819; x_wconf 76' lang='lat' dir='ltr'><strong>Ita</strong></span> <span class='ocrx_word' id='word_1_389' title='bbox 2492 3768 2643 3822; x_wconf 77' lang='lat' dir='ltr'><strong>MSS.</strong></span> 
     </span>
     <span class='ocr_line' id='line_1_62' title="bbox 1628 3840 2645 3917; baseline 0.011 -28"><span class='ocrx_word' id='word_1_390' title='bbox 1628 3856 1834 3891; x_wconf 84' lang='lat' dir='ltr'><strong>omnes.</strong></span> <span class='ocrx_word' id='word_1_391' title='bbox 1885 3840 2001 3894; x_wconf 80' lang='lat' dir='ltr'><strong>Hoc</strong></span> <span class='ocrx_word' id='word_1_392' title='bbox 2052 3855 2131 3896; x_wconf 78' lang='lat' dir='ltr'><strong>est</strong></span> <span class='ocrx_word' id='word_1_393' title='bbox 2150 3882 2166 3907; x_wconf 89' lang='lat'><strong>,</strong></span> <span class='ocrx_word' id='word_1_394' title='bbox 2221 3844 2537 3917; x_wconf 66' lang='lat' dir='ltr'><strong>quadragies</strong></span> <span class='ocrx_word' id='word_1_395' title='bbox 2596 3860 2645 3900; x_wconf 83' lang='lat' dir='ltr'><strong>et</strong></span> 
     </span>
    </p>
   </div>
   <div class='ocr_carea' id='block_1_11' title="bbox 1626 3925 2645 4069">
    <p class='ocr_par' dir='ltr' id='par_1_16' title="bbox 1626 3925 2645 4069">
     <span class='ocr_line' id='line_1_63' title="bbox 1628 3925 2645 3996; baseline 0.01 -27"><span class='ocrx_word' id='word_1_396' title='bbox 1628 3931 1815 3989; x_wconf 74' lang='lat' dir='ltr'><strong>qnater</strong></span> <span class='ocrx_word' id='word_1_397' title='bbox 1828 3930 2069 3987; x_wconf 79' lang='lat' dir='ltr'><strong>centens,</strong></span> <span class='ocrx_word' id='word_1_398' title='bbox 2086 3941 2151 3976; x_wconf 80' lang='lat' dir='ltr'><strong>ec</strong></span> <span class='ocrx_word' id='word_1_399' title='bbox 2179 3925 2393 3996; x_wconf 75' lang='lat' dir='ltr'><strong>triginta</strong></span> <span class='ocrx_word' id='word_1_400' title='bbox 2414 3944 2505 3980; x_wconf 82' lang='lat' dir='ltr'><strong>sex</strong></span> <span class='ocrx_word' id='word_1_401' title='bbox 2526 3926 2645 3981; x_wconf 82' lang='lat' dir='ltr'><strong>mil·</strong></span> 
     </span>
     <span class='ocr_line' id='line_1_64' title="bbox 1626 3996 2343 4069; baseline 0.013 -20"><span class='ocrx_word' id='word_1_402' title='bbox 1626 3996 1699 4050; x_wconf 77' lang='lat' dir='ltr'><strong>lis</strong></span> <span class='ocrx_word' id='word_1_403' title='bbox 1720 4014 1987 4069; x_wconf 82' lang='lat' dir='ltr'><strong>passuum.</strong></span> <span class='ocrx_word' id='word_1_404' title='bbox 2014 4000 2193 4056; x_wconf 68' lang='lat' dir='ltr'><strong>Eun.</strong></span> <span class='ocrx_word' id='word_1_405' title='bbox 2332 4014 2343 4025; x_wconf 76' lang='lat'><em>⁶</em></span> 
     </span>
    </p>
   </div>
  </div>
 </body>
</html>
