2850 4684
1047 316 1588 427 Llnmi'xu.
2296 356 2393 430 25

229 511 532 559 amni-ea.
577 490 840 582 Lycion
887 490 1298 583 aptissimum
1338 488 1711 572 medicinae,
1752 489 1935 583 quod
1974 504 2075 559 est
2110 514 2393 585 spumo-

231 620 388 664 sum
403 580 444 661 ⁸.
501 595 664 663 Indi
715 597 786 663 in
835 594 1098 664 utribus
1141 594 1579 679 camelorum,
1616 608 1733 663 aut
1780 594 2271 665 rhinocerotum
2310 598 2383 668 id

221 703 536 770 mittunt.
577 703 852 796 Spinam
897 702 1108 795 ipsam
1149 703 1220 771 in
1271 704 1531 773 Graecia
1568 700 1835 795 quidam
1893 704 2381 796 pyxacanthum

217 806 684 877 Chironium⁹
725 821 990 877 vocant.

331 916 536 983 xvl.
603 916 694 982 Et
754 911 1002 983 macir¹
1051 939 1134 983 ex
1185 914 1376 983 India
1412 914 1793 1000 advehitur,
1842 928 2073 983 cortex
2136 916 2379 987 rubens
2418 946 2443 981 1

211 1018 474 1089 radicis
525 1042 832 1113 magnae,
882 1021 1152 1089 nomine
1198 1020 1453 1089 arboris
1488 1044 1669 1090 suae:
1716 1018 1927 1114 qualis
1972 1020 2059 1089 sit
2116 1045 2225 1108 ea,
2279 1025 2377 1090 in-

215 1140 664 1221 compertum
717 1124 954 1195 habeo.
1011 1124 1328 1200 Corticis²
1367 1125 1561 1195 melle
1605 1125 1863 1195 decocti
1904 1150 2063 1196 usus
2115 1128 2185 1195 in
2244 1152 2381 1197 me-

213 1231 456 1307 dicina
495 1232 586 1301 ad
621 1231 1071 1327 dysentericos
1110 1234 1484 1328 praecipuus
1522 1232 1824 1301 habetur.

327 1340 575 1407 XVII.
614 1337 1034 1409 Saccharon⁸
1073 1354 1140 1408 et
1167 1341 1410 1409 Arabia
1451 1339 1614 1427 fert,
1650 1338 1765 1409 sed
1798 1338 2123 1409 laudatius
2150 1339 2377 1408 India:
2422 1370 2445 1405 1

303 1522 363 1575 8.
396 1518 712 1591 spumosum.
752 1520 918 1587 Quod
947 1521 1056 1593 igni
1084 1540 1270 1576 accen·
1361 1523 1604 1593 Propon.
1636 1521 1941 1593 Dalecamp.
1970 1542 2031 1574 ex
2054 1522 2277 1591 Arabia,
2298 1542 2386 1575 au·

215 1620 374 1665 mm,
413 1599 556 1653 dum
591 1601 959 1673 restinguitur,
994 1602 1270 1655 rubentem
1361 1614 1673 1673 ctoremque
1708 1600 1931 1655 adducit
1980 1601 2380 1670 Dioscoridem;

215 1698 482 1751 spumam
520 1680 716 1741 mittit,
741 1681 916 1752 inquit
956 1680 1127 1734 Diosc.
1163 1682 1266 1735 loc.
1360 1695 1725 1733 verumtamen
1762 1682 1817 1733 in
1858 1681 2035 1733 Diosc.
2070 1680 2382 1753 legiturzix
2404 1729 2415 1737 .

213 1760 314 1814 eit.
341 1775 404 1814 et
425 1770 552 1831 post
581 1778 704 1811 eum
731 1758 1022 1827 Oribasius‚
1040 1760 1138 1813 lib.
1159 1762 1234 1813 xl
1253 1799 1270 1825 ,

215 1858 346 1913 pag.
377 1846 523 1905 ὀὴ
552 1838 758 1891 Plinius
780 1840 926 1909 ipse,
945 1837 1036 1892 lib.
1060 1840 1272 1907 XXIV,

221 1938 324 1991 77,
352 1918 432 1971 de
459 1919 608 1992 lycio
633 1936 646 1971 :
686 1946 708 1968 ι
729 1918 929 1990 Spuma
955 1920 1066 1987 ejus
1088 1937 1148 1972 ac
1171 1918 1270 1971 flos

217 1998 462 2070 quidam
519 1998 804 2051 oculorum
869 1996 1269 2052 medicamentis

217 2078 470 2131 additur.
501 2104 526 2123 ι
555 2077 700 2131 Vide
725 2095 842 2149 quai
861 2077 940 2130 ibi
965 2076 1160 2130 dicturi
1184 2096 1270 2131 su-

217 2178 368 2213 mus.
401 2158 593 2211 Iliun.

305 2260 366 2307 9.
379 2238 762 2309 Pytna-antliam
777 2236 1053 2289 Chironium
1061 2274 1074 2289 .
1085 2236 1270 2290 Scribe

217 2320 493 2372 feminina
507 2316 903 2378 terminatione,
910 2317 1268 2387 pyucaufflaau

219 2400 523 2451 chironiam.
565 2394 905 2449 Dioscorides
936 2394 1267 2467 praealiegato

219 2479 350 2531 lom
369 2501 385 2531 ε
426 2505 448 2525 0
475 2477 686 2547 Lycion
710 2474 856 2547 quod
881 2475 1267 2547 pyxacantham

219 2558 402 2629 aliqui
431 2569 661 2622 vocant,
694 2554 903 2626 spinosa
928 2556 1088 2607 arbor
1108 2568 1216 2618 est,
1235 2578 1258 2599 ι

227 2651 286 2692 et
328 2638 548 2691 Plinius
591 2635 798 2699 xxw,
841 2652 955 2705 77:
1013 2634 1268 2705 «Lyciou

229 2718 576 2789 prestantius
615 2734 644 2767 e
687 2712 836 2785 spi'na
878 2712 992 2766 fieri
1017 2712 1266 2780 tradunt,

238 2816 398 2869 quam
451 2808 505 2849 et
538 2794 930 2866 pyxacanthum
955 2792 1262 2846 Chironiam

239 2890 448 2931 vocant.
485 2902 509 2922 ι
583 2866 606 2941 (
643 2874 756 2929 Nos
797 2872 1140 2945 pyxacanthon
1187 2872 1264 2924 ibi

245 2958 568 3029 scripsimus,
597 2968 658 3007 ut
685 2953 742 3005 in
774 2952 977 3005 omnib.
1013 2952 1106 3004 lib.
1131 2952 1264 3023 legi-

249 3036 391 3099 tur.)
425 3037 587 3088 Pur.
617 3064 696 3077 —
731 3032 1052 3094 Πυξάκανθαν
1085 3032 1262 3084 Diosc-

249 3117 362 3189 quia
400 3117 552 3187 spina
599 3124 678 3167 est
721 3112 854 3163 buxi
897 3112 1044 3164 folio.
1082 3112 1262 3164 Hsan.

247 3198 633 3251 ...Chic-onium.
665 3192 946 3247 Chironiam
965 3192 1090 3245 Vct.
1120 3190 1262 3262 apud

248 3276 413 3329 Dalee.
461 3276 557 3349 qui
585 3276 734 3327 hane
779 3290 966 3323 vocem
1010 3288 1262 3342 superva-

247 3376 382 3411 cuam
409 3356 514 3411 lioe
539 3355 668 3408 loco
696 3349 1070 3404 arbitrabatur.
1099 3350 1204 3403 En.

313 3438 456 3491 XVI.
499 3456 549 3491 1.
583 3434 666 3487 Ee
685 3433 843 3483 macir
866 3450 926 3481 ex
951 3430 1098 3483 Iadc‘a
1118 3468 1134 3494 ,
1160 3442 1260 3483 etc.

239 3518 464 3573 Dio-001.
493 3516 594 3569 lib.
635 3514 661 3565 1
681 3548 702 3573 ,
732 3530 847 3581 cap.
885 3530 984 3563 no
1008 3533 1022 3573 ;
1051 3510 1278 3568 Οτίὴεε.,

236 3600 326 3655 loc.
357 3617 515 3671 supra
551 3594 653 3647 eit.
681 3592 875 3645 Galen.
905 3590 996 3643 lib.
1026 3588 1168 3641 vm
1192 3588 1261 3641 de

232 3682 340 3737 Pac.
351 3678 527 3751 simpl.
543 3672 702 3727 med.
715 3690 769 3743 p.
789 3670 888 3723 205
899 3689 911 3723 :
923 3672 1096 3740 Μάκερ
1109 3670 1263 3738 φλοιός

229 3768 346 3818 iem
401 3764 458 3815 lx.
513 3762 617 3815 τῆς
666 3746 866 3810 iveta-1⁸2:
911 3752 1222 3823 κομιζόμενος
1247 3783 1261 3809 ,

225 3858 314 3900 etc.
337 3844 422 3899 sic
439 3853 494 3894 et
531 3832 738 3889 Aetius
756 3870 771 3893 ‚
799 3842 909 3883 tum
933 3832 986 3883 in
1009 3826 1130 3882 eod.
1165 3848 1261 3881 no-

221 3944 318 3983 um
339 3940 521 3997 “tneo
537 3958 558 3981 ‚
587 3926 720 3967 tum
739 3910 798 3964 iu
825 3908 954 3963 edil.
980 3910 1074 3963 lat.
1095 3908 1195 3961 lib.
1214 3908 1259 3973 1,

217 4010 275 4065 de
303 4012 378 4065 Re
409 3994 648 4058 Medic.
691 4007 816 4062 pag.
857 3990 944 4044 23.
977 3988 1164 4041 limo.
1185 4020 1262 4030 -

1357 1767 1447 1821 τῆς
1478 1758 1723 1831 βκρὸἀρου
1745 1800 1761 1825 ,
1787 1760 1980 1831 quihus
2002 1762 2179 1814 verbis
2210 1782 2378 1815 unum

1358 1837 1417 1893 id
1440 1839 1721 1911 significat,
1748 1857 1942 1910 nempe
1958 1844 2013 1892 τὸ
2038 1841 2212 1911 Μάκαρ
2234 1860 2263 1894 e
2286 1860 2377 1912 pe-

1359 1920 1569 1991 regrina
1616 1931 1754 1972 terra
1798 1916 2022 1984 advehi,
2075 1939 2377 1992 quanquam

1355 1998 1445 2052 hie
1458 1998 1679 2050 insulam
1701 1998 1949 2067 Gangetis
1978 1998 2147 2061 fluvii,
2160 2002 2377 2054 nomine

1357 2076 1645 2129 Barbariana
1659 2116 1674 2142 ,
1696 2076 1981 2129 Saracenus
1998 2078 2269 2133 Strabonis
2286 2100 2378 2133 au·

1355 2157 1597 2210 ctoritate
1610 2158 1789 2217 fretuS,
1806 2156 1959 2208 innui
1973 2157 2247 2211 existimat.
2268 2162 2374 2214 En.

1443 2256 1493 2288 a.
1540 2236 1747 2289 Cortieae's
1795 2236 1946 2287 melle.
1990 2236 2105 2291 Hoc
2149 2250 2226 2290 est
2254 2258 2379 2293 cum

1356 2316 1545 2381 melle;
1568 2316 1638 2368 ita
1660 2314 1847 2369 Galen.
1873 2326 1929 2367 et
1951 2317 2135 2369 Aetius
2164 2336 2377 2390 quoque

1355 2395 1458 2447 loc.
1490 2394 1583 2447 cit.
1618 2395 1703 2447 Ab
1738 2414 1795 2447 ea
1821 2395 1875 2446 vi
1906 2413 2103 2448 nomen
2138 2398 2317 2450 arbori
2344 2417 2375 2452 a

1354 2474 1621 2527 Lusitanis
1664 2472 1895 2527 inditum
1936 2477 2118 2529 refert.
2156 2476 2375 2543 Acosta,

1357 2554 1450 2606 lib.
1488 2554 1673 2606 Arom.
1719 2571 1835 2624 cap.
1876 2573 1943 2607 υ
1965 2596 1981 2619 ,
2028 2556 2195 2608 arbore
2220 2556 2281 2608 de
2301 2558 2377 2608 las

1361 2634 1616 2696 Comanis,
1651 2634 1755 2685 hoc
1791 2644 1898 2700 est,
1944 2639 2103 2686 arbor
2130 2634 2377 2703 dysente-

1353 2714 1449 2765 ria
1469 2732 1483 2763 z
1507 2732 1535 2764 a
1563 2712 1901 2765 Brachmanis
1924 2712 2173 2776 medicis,
2203 2732 2373 2768 maere.

1356 2794 1420 2845 In
1451 2790 1727 2862 provincia
1760 2790 2081 2844 Malaharica
2108 2804 2161 2844 et
2186 2792 2375 2846 Cocini

1354 2889 1522 2943 regno
1534 2871 1676 2924 nasei
1690 2910 1703 2935 ,
1722 2871 1906 2942 ibique
1926 2872 2087 2924 visam
2109 2891 2134 2923 a
2158 2890 2214 2924 se
2232 2870 2375 2925 idem

1354 2962 1591 3005 testatur.
1613 2950 1789 3005 Hsno.
1818 2982 1888 2993 —-
1915 2952 1995 3003 De
2026 2970 2231 3005 macere
2261 2951 2371 3007 vid.

1353 3032 1650 3084 Excursum
1690 3032 1771 3083 Vl
1818 3028 1885 3083 ad
1916 3031 2113 3099 caleem
2143 3032 2367 3103 hujusce

1351 3110 1501 3164 libri.
1538 3112 1644 3163 En.

1432 3190 1611 3243 xvn.
1646 3208 1696 3243 ι.
1725 3188 2017 3242 Soc-cleamn.
2042 3189 2371 3243 Dioscuridis

1351 3268 1493 3340 apud
1510 3287 1668 3341 quem
1694 3270 1806 3323 haec
1829 3268 2051 3323 totidem
2078 3270 2253 3323 verbis
2286 3288 2373 3324 ex-

1349 3362 1517 3414 stant,
1548 3349 1643 3402 lib.
1666 3350 1751 3413 11,
1791 3356 1893 3413 104
1914 3390 1929 3415 ,
1961 3348 2225 3421 Pliniique
2247 3350 2373 3402 σάκ-

1347 3449 1518 3501 χαρον,
1539 3448 1625 3482 ros
1646 3429 1735 3480 ille
1766 3428 2056 3481 matutinus
2080 3430 2371 3501 fuit‚quem

1351 3527 1477 3579 apes
1520 3508 1693 3562 mellis
1734 3506 1965 3579 fingendi
2015 3509 2180 3579 gratia
2221 3509 2373 3562 colli·

1350 3600 1514 3658 guut3
1539 3590 1793 3659 quai-eju
1832 3586 2185 3641 arundinibus
2217 3589 2375 3641 colle·

1355 3679 1495 3723 ctum
1527 3668 1704 3720 Plinio
1731 3666 1931 3720 dicitur
1953 3688 1969 3721 ι
1998 3686 2133 3732 non,
2164 3668 2238 3721 uti
2260 3686 2371 3721 sae-

1352 3749 1571 3801 charum
1613 3758 1889 3813 nostrum,
1938 3766 2000 3800 ex
2046 3746 2231 3800 iisdem
2281 3766 2374 3800 ex·
2484 3782 2495 3801 ,

1353 3844 1620 3900 pressum,
1659 3845 1721 3879 ac
1752 3824 1949 3880 deinde
1974 3838 2187 3881 coctum
2203 3867 2219 3891 ,
2258 3844 2376 3878 eoa·

1350 3920 1607 3979 ctumque
1652 3907 1707 3958 in
1754 3906 2106 3979 pyramidales
2156 3907 2375 3957 formas.

1351 3988 1494 4040 Num
1542 4004 1628 4041 ros
1678 3986 1791 4039 cali
1854 3987 1969 4057 ipae
2020 3986 2189 4045 foret,
2240 4002 2373 4037 num
