<?xml version="1.0" encoding="UTF-8"?>
<!DOCTYPE html PUBLIC "-//W3C//DTD XHTML 1.0 Transitional//EN"
    "http://www.w3.org/TR/xhtml1/DTD/xhtml1-transitional.dtd">
<html xmlns="http://www.w3.org/1999/xhtml" xml:lang="en" lang="en">
 <head>
  <title>
</title>
<meta http-equiv="Content-Type" content="text/html;charset=utf-8" />
  <meta name='ocr-system' content='tesseract 3.04.00' />
  <meta name='ocr-capabilities' content='ocr_page ocr_carea ocr_par ocr_line ocrx_word'/>
</head>
<body>
  <div class='ocr_page' id='page_1' title='image "./historiaenatura00delagoog_0638.png"; bbox 0 0 2850 4684; ppageno 0'>
   <div class='ocr_carea' id='block_1_1' title="bbox 977 388 1602 492">
    <p class='ocr_par' dir='ltr' id='par_1_1' title="bbox 977 388 1602 492">
     <span class='ocr_line' id='line_1_1' title="bbox 977 388 1602 492; baseline -0.006 -32"><span class='ocrx_word' id='word_1_1' title='bbox 977 400 982 405; x_wconf 93' lang='lat'><strong>·</strong></span> <span class='ocrx_word' id='word_1_2' title='bbox 1023 388 1342 459; x_wconf 84' lang='lat' dir='ltr'>LIBER</span> <span class='ocrx_word' id='word_1_3' title='bbox 1379 388 1602 492; x_wconf 39' lang='lat' dir='ltr'><strong>&#39;xvi</strong></span> 
     </span>
    </p>
   </div>
   <div class='ocr_carea' id='block_1_2' title="bbox 2218 388 2369 486">
    <p class='ocr_par' dir='ltr' id='par_1_2' title="bbox 2218 388 2369 486">
     <span class='ocr_line' id='line_1_2' title="bbox 2218 388 2369 486; baseline 0 -25"><span class='ocrx_word' id='word_1_4' title='bbox 2218 388 2369 486; x_wconf 79' lang='lat'><strong>627</strong></span> 
     </span>
    </p>
   </div>
   <div class='ocr_carea' id='block_1_3' title="bbox 185 504 2373 623">
    <p class='ocr_par' dir='ltr' id='par_1_3' title="bbox 185 504 2373 623">
     <span class='ocr_line' id='line_1_3' title="bbox 185 504 2373 623; baseline 0.002 -34"><span class='ocrx_word' id='word_1_5' title='bbox 185 608 202 623; x_wconf 49' lang='lat'><strong>·</strong></span> <span class='ocrx_word' id='word_1_6' title='bbox 239 533 402 589; x_wconf 82' lang='lat' dir='ltr'><strong>cant</strong></span> <span class='ocrx_word' id='word_1_7' title='bbox 447 517 764 589; x_wconf 80' lang='lat' dir='ltr'><strong>feruleam</strong></span> <span class='ocrx_word' id='word_1_8' title='bbox 779 504 825 603; x_wconf 88' lang='lat'><strong>⁵,</strong></span> <span class='ocrx_word' id='word_1_9' title='bbox 879 536 1276 615; x_wconf 82' lang='lat' dir='ltr'><strong>argumento</strong></span> <span class='ocrx_word' id='word_1_10' title='bbox 1321 518 1799 604; x_wconf 85' lang='lat' dir='ltr'><strong>similitudinis,</strong></span> <span class='ocrx_word' id='word_1_11' title='bbox 1850 522 2165 614; x_wconf 83' lang='lat' dir='ltr'><strong>quoniam</strong></span> <span class='ocrx_word' id='word_1_12' title='bbox 2219 522 2373 594; x_wconf 82' lang='lat' dir='ltr'><strong>laci-</strong></span> 
     </span>
    </p>
   </div>
   <div class='ocr_carea' id='block_1_4' title="bbox 242 612 1312 723">
    <p class='ocr_par' dir='ltr' id='par_1_4' title="bbox 242 612 1312 723">
     <span class='ocr_line' id='line_1_4' title="bbox 242 612 1312 723; baseline 0.001 -27"><span class='ocrx_word' id='word_1_13' title='bbox 242 627 428 696; x_wconf 82' lang='lat' dir='ltr'><strong>niose</strong></span> <span class='ocrx_word' id='word_1_14' title='bbox 453 626 706 720; x_wconf 82' lang='lat' dir='ltr'><strong>crispa,</strong></span> <span class='ocrx_word' id='word_1_15' title='bbox 727 628 796 693; x_wconf 89' lang='lat' dir='ltr'><strong>in</strong></span> <span class='ocrx_word' id='word_1_16' title='bbox 817 629 1000 697; x_wconf 88' lang='lat' dir='ltr'><strong>omni</strong></span> <span class='ocrx_word' id='word_1_17' title='bbox 1029 652 1270 723; x_wconf 81' lang='lat' dir='ltr'><strong>genere</strong></span> <span class='ocrx_word' id='word_1_18' title='bbox 1285 612 1312 649; x_wconf 82' lang='lat'>⁶</span> 
     </span>
    </p>
   </div>
   <div class='ocr_carea' id='block_1_5' title="bbox 1317 625 2375 723">
    <p class='ocr_par' dir='ltr' id='par_1_5' title="bbox 1317 625 2375 723">
     <span class='ocr_line' id='line_1_5' title="bbox 1317 625 2375 723; baseline -0.002 -26"><span class='ocrx_word' id='word_1_19' title='bbox 1317 678 1332 697; x_wconf 89' lang='lat'><strong>.</strong></span> <span class='ocrx_word' id='word_1_20' title='bbox 1372 629 1463 695; x_wconf 79' lang='lat' dir='ltr'><strong>Et</strong></span> <span class='ocrx_word' id='word_1_21' title='bbox 1504 625 1832 721; x_wconf 84' lang='lat' dir='ltr'><strong>glutinum</strong></span> <span class='ocrx_word' id='word_1_22' title='bbox 1858 626 2173 697; x_wconf 81' lang='lat' dir='ltr'><strong>abdicant</strong></span> <span class='ocrx_word' id='word_1_23' title='bbox 2194 654 2375 723; x_wconf 69' lang='lat' dir='ltr'><strong>qum-</strong></span> 
     </span>
    </p>
   </div>
   <div class='ocr_carea' id='block_1_6' title="bbox 241 731 2445 1150">
    <p class='ocr_par' dir='ltr' id='par_1_6' title="bbox 241 731 2445 1150">
     <span class='ocr_line' id='line_1_6' title="bbox 241 731 2373 827; baseline 0.003 -26"><span class='ocrx_word' id='word_1_24' title='bbox 241 731 400 801; x_wconf 79' lang='lat' dir='ltr'><strong>dam</strong></span> <span class='ocrx_word' id='word_1_25' title='bbox 420 785 442 819; x_wconf 90' lang='lat'><strong><em>‚</em></strong></span> <span class='ocrx_word' id='word_1_26' title='bbox 475 745 545 801; x_wconf 90' lang='lat' dir='ltr'><strong>et</strong></span> <span class='ocrx_word' id='word_1_27' title='bbox 585 733 756 801; x_wconf 87' lang='lat' dir='ltr'><strong>inter</strong></span> <span class='ocrx_word' id='word_1_28' title='bbox 791 757 861 802; x_wconf 85' lang='lat' dir='ltr'><strong>se</strong></span> <span class='ocrx_word' id='word_1_29' title='bbox 895 758 1050 803; x_wconf 88' lang='lat' dir='ltr'><strong>cum</strong></span> <span class='ocrx_word' id='word_1_30' title='bbox 1089 732 1232 803; x_wconf 85' lang='lat' dir='ltr'><strong>aliis</strong></span> <span class='ocrx_word' id='word_1_31' title='bbox 1269 731 1676 803; x_wconf 81' lang='lat' dir='ltr'>insociabilia</span> <span class='ocrx_word' id='word_1_32' title='bbox 1715 731 1971 827; x_wconf 83' lang='lat' dir='ltr'><strong>glutino</strong></span> <span class='ocrx_word' id='word_1_33' title='bbox 1986 786 2009 817; x_wconf 79' lang='lat'>‚</span> <span class='ocrx_word' id='word_1_34' title='bbox 2054 735 2223 806; x_wconf 82' lang='lat' dir='ltr'><strong>sicut</strong></span> <span class='ocrx_word' id='word_1_35' title='bbox 2264 760 2373 807; x_wconf 83' lang='lat' dir='ltr'><strong>ro·</strong></span> 
     </span>
     <span class='ocr_line' id='line_1_7' title="bbox 245 826 2375 937; baseline 0.003 -30"><span class='ocrx_word' id='word_1_36' title='bbox 245 838 376 907; x_wconf 92' lang='lat' dir='ltr'><strong>bur</strong></span> <span class='ocrx_word' id='word_1_37' title='bbox 406 863 422 906; x_wconf 74' lang='grc' dir='ltr'>ε</span> <span class='ocrx_word' id='word_1_38' title='bbox 456 860 580 907; x_wconf 88' lang='lat' dir='ltr'><strong>nec</strong></span> <span class='ocrx_word' id='word_1_39' title='bbox 623 836 761 907; x_wconf 86' lang='lat' dir='ltr'><strong>fere</strong></span> <span class='ocrx_word' id='word_1_40' title='bbox 789 839 1130 911; x_wconf 72' lang='lat' dir='ltr'><strong>cohaerent</strong></span> <span class='ocrx_word' id='word_1_41' title='bbox 1149 890 1168 923; x_wconf 82' lang='lat'>‚</span> <span class='ocrx_word' id='word_1_42' title='bbox 1200 840 1327 909; x_wconf 86' lang='lat' dir='ltr'><strong>nisi</strong></span> <span class='ocrx_word' id='word_1_43' title='bbox 1367 837 1636 909; x_wconf 80' lang='lat' dir='ltr'><strong>similia⁷</strong></span> <span class='ocrx_word' id='word_1_44' title='bbox 1672 853 1909 909; x_wconf 81' lang='lat' dir='ltr'><strong>natura</strong></span> <span class='ocrx_word' id='word_1_45' title='bbox 1936 865 1957 928; x_wconf 81' lang='lat'>3</span> <span class='ocrx_word' id='word_1_46' title='bbox 1992 852 2071 909; x_wconf 89' lang='lat' dir='ltr'><strong>ut</strong></span> <span class='ocrx_word' id='word_1_47' title='bbox 2102 826 2191 909; x_wconf 83' lang='lat' dir='ltr'><strong>si⁸</strong></span> <span class='ocrx_word' id='word_1_48' title='bbox 2228 845 2375 937; x_wconf 88' lang='lat' dir='ltr'><strong>quis</strong></span> 
     </span>
     <span class='ocr_line' id='line_1_8' title="bbox 241 941 2378 1041; baseline 0.002 -28"><span class='ocrx_word' id='word_1_49' title='bbox 241 942 534 1039; x_wconf 78' lang='lat' dir='ltr'><strong>lapidem</strong></span> <span class='ocrx_word' id='word_1_50' title='bbox 561 941 949 1039; x_wconf 84' lang='lat' dir='ltr'><strong>lignumque</strong></span> <span class='ocrx_word' id='word_1_51' title='bbox 980 946 1361 1041; x_wconf 81' lang='lat' dir='ltr'><strong>conjungat.</strong></span> <span class='ocrx_word' id='word_1_52' title='bbox 1395 948 1693 1015; x_wconf 87' lang='lat' dir='ltr'><strong>Cornum</strong></span> <span class='ocrx_word' id='word_1_53' title='bbox 1721 947 2005 1015; x_wconf 79' lang='lat' dir='ltr'><strong>maxime</strong></span> <span class='ocrx_word' id='word_1_54' title='bbox 2034 947 2219 1017; x_wconf 82' lang='lat' dir='ltr'><strong>audit</strong></span> <span class='ocrx_word' id='word_1_55' title='bbox 2242 974 2378 1019; x_wconf 87' lang='lat' dir='ltr'><strong>sor·</strong></span> 
     </span>
     <span class='ocr_line' id='line_1_9' title="bbox 243 1048 2445 1150; baseline 0.001 -31"><span class='ocrx_word' id='word_1_56' title='bbox 243 1048 432 1135; x_wconf 82' lang='lat' dir='ltr'><strong>bus⁹‚</strong></span> <span class='ocrx_word' id='word_1_57' title='bbox 491 1051 834 1146; x_wconf 71' lang='lat' dir='ltr'><strong>carpium,</strong></span> <span class='ocrx_word' id='word_1_58' title='bbox 871 1051 1124 1139; x_wconf 81' lang='lat' dir='ltr'><strong>buxus,</strong></span> <span class='ocrx_word' id='word_1_59' title='bbox 1175 1065 1407 1146; x_wconf 82' lang='lat' dir='ltr'><strong>postea</strong></span> <span class='ocrx_word' id='word_1_60' title='bbox 1456 1049 1610 1121; x_wconf 83' lang='lat' dir='ltr'><strong>tilia.</strong></span> <span class='ocrx_word' id='word_1_61' title='bbox 1659 1052 2075 1147; x_wconf 84' lang='lat' dir='ltr'><strong>Cuicumque</strong></span> <span class='ocrx_word' id='word_1_62' title='bbox 2092 1052 2143 1079; x_wconf 83' lang='lat'><strong>¹⁰</strong></span> <span class='ocrx_word' id='word_1_63' title='bbox 2190 1058 2377 1150; x_wconf 89' lang='lat' dir='ltr'><strong>operi</strong></span> <span class='ocrx_word' id='word_1_64' title='bbox 2418 1090 2445 1121; x_wconf 60' lang='grc' dir='ltr'><strong>ι</strong></span> 
     </span>
    </p>
   </div>
   <div class='ocr_carea' id='block_1_7' title="bbox 242 1238 1281 4096">
    <p class='ocr_par' dir='ltr' id='par_1_7' title="bbox 242 1238 1274 1474">
     <span class='ocr_line' id='line_1_10' title="bbox 242 1238 1271 1313; baseline 0.004 -20"><span class='ocrx_word' id='word_1_65' title='bbox 242 1242 480 1295; x_wconf 83' lang='lat' dir='ltr'><strong>maxime</strong></span> <span class='ocrx_word' id='word_1_66' title='bbox 517 1258 650 1295; x_wconf 78' lang='lat' dir='ltr'><strong>vena</strong></span> <span class='ocrx_word' id='word_1_67' title='bbox 689 1238 976 1313; x_wconf 82' lang='lat' dir='ltr'><strong>deligitur.</strong></span> <span class='ocrx_word' id='word_1_68' title='bbox 1023 1242 1128 1297; x_wconf 86' lang='lat' dir='ltr'><strong>hoc</strong></span> <span class='ocrx_word' id='word_1_69' title='bbox 1155 1250 1271 1308; x_wconf 77' lang='lat' dir='ltr'><strong>est,</strong></span> 
     </span>
     <span class='ocr_line' id='line_1_11' title="bbox 243 1320 1274 1394; baseline 0 -19"><span class='ocrx_word' id='word_1_70' title='bbox 243 1322 535 1375; x_wconf 81' lang='lat' dir='ltr'><strong>rectissima</strong></span> <span class='ocrx_word' id='word_1_71' title='bbox 559 1358 576 1384; x_wconf 84' lang='lat'>,</span> <span class='ocrx_word' id='word_1_72' title='bbox 615 1320 1022 1394; x_wconf 66' lang='lat' dir='ltr'><strong>longissimeque</strong></span> <span class='ocrx_word' id='word_1_73' title='bbox 1045 1355 1064 1384; x_wconf 85' lang='lat'><strong>,</strong></span> <span class='ocrx_word' id='word_1_74' title='bbox 1109 1323 1274 1377; x_wconf 78' lang='lat' dir='ltr'><strong>instar</strong></span> 
     </span>
     <span class='ocr_line' id='line_1_12' title="bbox 245 1400 710 1474; baseline 0 -21"><span class='ocrx_word' id='word_1_75' title='bbox 245 1402 504 1474; x_wconf 74' lang='lat' dir='ltr'><strong>staminis.</strong></span> <span class='ocrx_word' id='word_1_76' title='bbox 532 1400 710 1453; x_wconf 55' lang='lat' dir='ltr'><strong>Hem).</strong></span> 
     </span>
    </p>

    <p class='ocr_par' dir='ltr' id='par_1_8' title="bbox 243 1479 1281 4096">
     <span class='ocr_line' id='line_1_13' title="bbox 331 1479 1270 1535; baseline -0.001 0"><span class='ocrx_word' id='word_1_77' title='bbox 331 1484 384 1535; x_wconf 87' lang='lat'><strong>5.</strong></span> <span class='ocrx_word' id='word_1_78' title='bbox 410 1480 682 1533; x_wconf 73' lang='lat' dir='ltr'><strong>Fer-ideam.</strong></span> <span class='ocrx_word' id='word_1_79' title='bbox 734 1480 822 1533; x_wconf 88' lang='lat' dir='ltr'><strong>Ob</strong></span> <span class='ocrx_word' id='word_1_80' title='bbox 868 1479 1270 1534; x_wconf 83' lang='lat' dir='ltr'><strong>similitudinem</strong></span> 
     </span>
     <span class='ocr_line' id='line_1_14' title="bbox 243 1558 1274 1633; baseline -0.002 -18"><span class='ocrx_word' id='word_1_81' title='bbox 243 1578 372 1615; x_wconf 81' lang='lat' dir='ltr'><strong>cum</strong></span> <span class='ocrx_word' id='word_1_82' title='bbox 401 1561 552 1615; x_wconf 82' lang='lat' dir='ltr'><strong>caule</strong></span> <span class='ocrx_word' id='word_1_83' title='bbox 579 1558 843 1613; x_wconf 79' lang='lat' dir='ltr'><strong>ferulaceo</strong></span> <span class='ocrx_word' id='word_1_84' title='bbox 871 1576 886 1613; x_wconf 76' lang='grc' dir='ltr'><em>τ</em></span> <span class='ocrx_word' id='word_1_85' title='bbox 918 1562 1094 1633; x_wconf 75' lang='lat' dir='ltr'><strong>crispa</strong></span> <span class='ocrx_word' id='word_1_86' title='bbox 1114 1559 1274 1613; x_wconf 88' lang='lat' dir='ltr'><strong>nimi-</strong></span> 
     </span>
     <span class='ocr_line' id='line_1_15' title="bbox 243 1638 1276 1704; baseline -0.001 -11"><span class='ocrx_word' id='word_1_87' title='bbox 243 1651 374 1693; x_wconf 72' lang='lat' dir='ltr'><strong>rum</strong></span> <span class='ocrx_word' id='word_1_88' title='bbox 395 1658 555 1704; x_wconf 76' lang='lat' dir='ltr'><strong>vena,</strong></span> <span class='ocrx_word' id='word_1_89' title='bbox 579 1651 632 1691; x_wconf 88' lang='lat' dir='ltr'><strong>et</strong></span> <span class='ocrx_word' id='word_1_90' title='bbox 653 1640 709 1691; x_wconf 89' lang='lat' dir='ltr'><strong>in</strong></span> <span class='ocrx_word' id='word_1_91' title='bbox 731 1638 914 1693; x_wconf 78' lang='lat' dir='ltr'><strong>tenues</strong></span> <span class='ocrx_word' id='word_1_92' title='bbox 934 1640 1100 1693; x_wconf 83' lang='lat' dir='ltr'><strong>veluti</strong></span> <span class='ocrx_word' id='word_1_93' title='bbox 1119 1641 1276 1693; x_wconf 83' lang='lat' dir='ltr'><strong>scissa</strong></span> 
     </span>
     <span class='ocr_line' id='line_1_16' title="bbox 243 1716 1274 1791; baseline 0.002 -21"><span class='ocrx_word' id='word_1_94' title='bbox 243 1721 490 1784; x_wconf 78' lang='lat' dir='ltr'><strong>lacinias,</strong></span> <span class='ocrx_word' id='word_1_95' title='bbox 508 1732 570 1771; x_wconf 90' lang='lat' dir='ltr'><strong>ut</strong></span> <span class='ocrx_word' id='word_1_96' title='bbox 588 1730 713 1772; x_wconf 83' lang='lat' dir='ltr'><strong>sunt</strong></span> <span class='ocrx_word' id='word_1_97' title='bbox 737 1718 919 1771; x_wconf 64' lang='lat' dir='ltr'><strong>ferulas</strong></span> <span class='ocrx_word' id='word_1_98' title='bbox 936 1718 1066 1783; x_wconf 81' lang='lat' dir='ltr'><strong>folia</strong></span> <span class='ocrx_word' id='word_1_99' title='bbox 1088 1739 1101 1771; x_wconf 75' lang='grc' dir='ltr'><strong>ε</strong></span> <span class='ocrx_word' id='word_1_100' title='bbox 1129 1716 1274 1791; x_wconf 84' lang='lat' dir='ltr'><strong>qnod</strong></span> 
     </span>
     <span class='ocr_line' id='line_1_17' title="bbox 243 1798 1274 1869; baseline 0 -18"><span class='ocrx_word' id='word_1_101' title='bbox 243 1802 308 1853; x_wconf 85' lang='lat' dir='ltr'><strong>in</strong></span> <span class='ocrx_word' id='word_1_102' title='bbox 349 1800 497 1854; x_wconf 89' lang='lat' dir='ltr'><strong>omni</strong></span> <span class='ocrx_word' id='word_1_103' title='bbox 547 1798 800 1851; x_wconf 70' lang='lat' dir='ltr'><strong>arborum</strong></span> <span class='ocrx_word' id='word_1_104' title='bbox 844 1816 1038 1869; x_wconf 78' lang='lat' dir='ltr'><strong>genere</strong></span> <span class='ocrx_word' id='word_1_105' title='bbox 1079 1800 1274 1853; x_wconf 80' lang='lat' dir='ltr'><strong>evenit.</strong></span> 
     </span>
     <span class='ocr_line' id='line_1_18' title="bbox 247 1878 1276 1950; baseline -0.002 -17"><span class='ocrx_word' id='word_1_106' title='bbox 247 1880 340 1933; x_wconf 90' lang='lat' dir='ltr'><strong>Sic</strong></span> <span class='ocrx_word' id='word_1_107' title='bbox 356 1878 670 1950; x_wconf 76' lang='lat' dir='ltr'><strong>plantaginis</strong></span> <span class='ocrx_word' id='word_1_108' title='bbox 683 1878 914 1930; x_wconf 75' lang='lat' dir='ltr'><strong>laciniosa</strong></span> <span class='ocrx_word' id='word_1_109' title='bbox 915 1878 1049 1945; x_wconf 76' lang='lat' dir='ltr'><strong>solia</strong></span> <span class='ocrx_word' id='word_1_110' title='bbox 1070 1878 1276 1931; x_wconf 75' lang='lat' dir='ltr'><strong>Plinius</strong></span> 
     </span>
     <span class='ocr_line' id='line_1_19' title="bbox 248 1956 1278 2031; baseline -0.002 -19"><span class='ocrx_word' id='word_1_111' title='bbox 248 1959 487 2031; x_wconf 80' lang='lat' dir='ltr'><strong>appellat</strong></span> <span class='ocrx_word' id='word_1_112' title='bbox 500 1996 517 2023; x_wconf 88' lang='lat'>,</span> <span class='ocrx_word' id='word_1_113' title='bbox 536 1958 630 2010; x_wconf 86' lang='lat' dir='ltr'><strong>lib.</strong></span> <span class='ocrx_word' id='word_1_114' title='bbox 652 1956 835 2022; x_wconf 73' lang='lat' dir='ltr'><strong>XXV,</strong></span> <span class='ocrx_word' id='word_1_115' title='bbox 855 1975 969 2027; x_wconf 86' lang='lat' dir='ltr'><strong>cap.</strong></span> <span class='ocrx_word' id='word_1_116' title='bbox 989 1974 1082 2028; x_wconf 85' lang='lat'><strong>77.</strong></span> <span class='ocrx_word' id='word_1_117' title='bbox 1105 1958 1278 2011; x_wconf 72' lang='lat' dir='ltr'><strong>Ducta</strong></span> 
     </span>
     <span class='ocr_line' id='line_1_20' title="bbox 247 2036 1276 2103; baseline -0.003 -12"><span class='ocrx_word' id='word_1_118' title='bbox 247 2038 576 2093; x_wconf 82' lang='lat' dir='ltr'><strong>translatio·a</strong></span> <span class='ocrx_word' id='word_1_119' title='bbox 595 2036 798 2089; x_wconf 85' lang='lat' dir='ltr'><strong>laciniis</strong></span> <span class='ocrx_word' id='word_1_120' title='bbox 818 2037 1276 2103; x_wconf 80' lang='lat' dir='ltr'><strong>vestimentorum,</strong></span> 
     </span>
     <span class='ocr_line' id='line_1_21' title="bbox 247 2113 1280 2191; baseline -0.002 -20"><span class='ocrx_word' id='word_1_121' title='bbox 247 2134 370 2191; x_wconf 62' lang='grc' dir='ltr'><strong>(με</strong></span> <span class='ocrx_word' id='word_1_122' title='bbox 393 2116 688 2170; x_wconf 66' lang='lat' dir='ltr'><strong>caesuratim</strong></span> <span class='ocrx_word' id='word_1_123' title='bbox 723 2129 875 2169; x_wconf 74' lang='lat' dir='ltr'><strong>sectae</strong></span> <span class='ocrx_word' id='word_1_124' title='bbox 898 2128 952 2169; x_wconf 87' lang='lat' dir='ltr'><strong>et</strong></span> <span class='ocrx_word' id='word_1_125' title='bbox 974 2118 1122 2188; x_wconf 79' lang='lat' dir='ltr'><strong>quasi</strong></span> <span class='ocrx_word' id='word_1_126' title='bbox 1147 2113 1280 2169; x_wconf 82' lang='lat' dir='ltr'><strong>divi-</strong></span> 
     </span>
     <span class='ocr_line' id='line_1_22' title="bbox 248 2194 1278 2250; baseline -0.001 0"><span class='ocrx_word' id='word_1_127' title='bbox 248 2214 320 2250; x_wconf 62' lang='grc' dir='ltr'><strong>εκ</strong></span> <span class='ocrx_word' id='word_1_128' title='bbox 338 2210 481 2250; x_wconf 89' lang='lat' dir='ltr'><strong>sunt.</strong></span> <span class='ocrx_word' id='word_1_129' title='bbox 507 2220 588 2231; x_wconf 91' lang='grc'><strong>-·</strong></span> <span class='ocrx_word' id='word_1_130' title='bbox 608 2194 876 2250; x_wconf 73' lang='lat' dir='ltr'><strong>Fer-taleam.</strong></span> <span class='ocrx_word' id='word_1_131' title='bbox 895 2196 1075 2249; x_wconf 89' lang='lat' dir='ltr'><strong>Secuti</strong></span> <span class='ocrx_word' id='word_1_132' title='bbox 1095 2214 1278 2249; x_wconf 84' lang='lat' dir='ltr'><strong>sumus</strong></span> 
     </span>
     <span class='ocr_line' id='line_1_23' title="bbox 247 2273 1274 2348; baseline 0 -18"><span class='ocrx_word' id='word_1_133' title='bbox 247 2294 458 2331; x_wconf 78' lang='lat' dir='ltr'><strong>summa</strong></span> <span class='ocrx_word' id='word_1_134' title='bbox 484 2273 592 2329; x_wconf 78' lang='lat' dir='ltr'><strong>fide</strong></span> <span class='ocrx_word' id='word_1_135' title='bbox 619 2275 836 2346; x_wconf 79' lang='lat' dir='ltr'><strong>vestigia</strong></span> <span class='ocrx_word' id='word_1_136' title='bbox 865 2274 1120 2329; x_wconf 88' lang='lat' dir='ltr'><strong>codicum</strong></span> <span class='ocrx_word' id='word_1_137' title='bbox 1145 2275 1274 2348; x_wconf 74' lang='lat' dir='ltr'><strong>neg.</strong></span> 
     </span>
     <span class='ocr_line' id='line_1_24' title="bbox 249 2354 1275 2427; baseline 0 -17"><span class='ocrx_word' id='word_1_138' title='bbox 249 2358 412 2410; x_wconf 86' lang='lat' dir='ltr'><strong>Colb.</strong></span> <span class='ocrx_word' id='word_1_139' title='bbox 428 2355 532 2409; x_wconf 85' lang='lat' dir='ltr'><strong>Th.</strong></span> <span class='ocrx_word' id='word_1_140' title='bbox 561 2354 748 2409; x_wconf 84' lang='lat' dir='ltr'><strong>chiffl.</strong></span> <span class='ocrx_word' id='word_1_141' title='bbox 767 2369 822 2409; x_wconf 85' lang='lat' dir='ltr'><strong>et</strong></span> <span class='ocrx_word' id='word_1_142' title='bbox 837 2368 941 2409; x_wconf 88' lang='lat' dir='ltr'><strong>vet.</strong></span> <span class='ocrx_word' id='word_1_143' title='bbox 970 2354 1275 2427; x_wconf 76' lang='lat' dir='ltr'><strong>Dalecamp.</strong></span> 
     </span>
     <span class='ocr_line' id='line_1_25' title="bbox 251 2434 1279 2507; baseline -0.002 -18"><span class='ocrx_word' id='word_1_144' title='bbox 251 2436 310 2489; x_wconf 89' lang='lat' dir='ltr'><strong>in</strong></span> <span class='ocrx_word' id='word_1_145' title='bbox 330 2434 524 2507; x_wconf 82' lang='lat' dir='ltr'><strong>quibus</strong></span> <span class='ocrx_word' id='word_1_146' title='bbox 539 2435 779 2503; x_wconf 77' lang='lat' dir='ltr'><strong>J‘eruleam</strong></span> <span class='ocrx_word' id='word_1_147' title='bbox 793 2472 810 2499; x_wconf 88' lang='lat'>‚</span> <span class='ocrx_word' id='word_1_148' title='bbox 843 2446 897 2487; x_wconf 87' lang='lat' dir='ltr'><strong>et</strong></span> <span class='ocrx_word' id='word_1_149' title='bbox 918 2434 1140 2487; x_wconf 76' lang='lat' dir='ltr'><strong>lacunose</strong></span> <span class='ocrx_word' id='word_1_150' title='bbox 1154 2436 1279 2507; x_wconf 85' lang='lat' dir='ltr'><strong>legi-</strong></span> 
     </span>
     <span class='ocr_line' id='line_1_26' title="bbox 252 2510 1278 2587; baseline -0.002 -18"><span class='ocrx_word' id='word_1_151' title='bbox 252 2530 386 2569; x_wconf 85' lang='lat' dir='ltr'><strong>tur:</strong></span> <span class='ocrx_word' id='word_1_152' title='bbox 418 2532 537 2587; x_wconf 77' lang='lat' dir='ltr'><strong>quse</strong></span> <span class='ocrx_word' id='word_1_153' title='bbox 567 2532 671 2567; x_wconf 77' lang='lat' dir='ltr'><strong>vox</strong></span> <span class='ocrx_word' id='word_1_154' title='bbox 709 2511 938 2566; x_wconf 86' lang='lat' dir='ltr'><strong>totidem</strong></span> <span class='ocrx_word' id='word_1_155' title='bbox 985 2510 1180 2566; x_wconf 84' lang='lat' dir='ltr'><strong>ductus</strong></span> <span class='ocrx_word' id='word_1_156' title='bbox 1225 2526 1278 2567; x_wconf 87' lang='lat' dir='ltr'><strong>et</strong></span> 
     </span>
     <span class='ocr_line' id='line_1_27' title="bbox 249 2590 1279 2667; baseline -0.004 -18"><span class='ocrx_word' id='word_1_157' title='bbox 249 2596 428 2667; x_wconf 68' lang='lat' dir='ltr'><strong>apices</strong></span> <span class='ocrx_word' id='word_1_158' title='bbox 463 2593 766 2647; x_wconf 84' lang='lat' dir='ltr'><strong>litterarum</strong></span> <span class='ocrx_word' id='word_1_159' title='bbox 797 2590 960 2644; x_wconf 84' lang='lat' dir='ltr'><strong>habet</strong></span> <span class='ocrx_word' id='word_1_160' title='bbox 989 2604 1122 2663; x_wconf 89' lang='lat' dir='ltr'><strong>quot</strong></span> <span class='ocrx_word' id='word_1_161' title='bbox 1146 2592 1279 2658; x_wconf 79' lang='lat' dir='ltr'><strong>ista,</strong></span> 
     </span>
     <span class='ocr_line' id='line_1_28' title="bbox 253 2668 1277 2739; baseline -0.006 -12"><span class='ocrx_word' id='word_1_162' title='bbox 253 2677 482 2727; x_wconf 73' lang='grc' dir='ltr'><strong>[σεὺιίοεε</strong></span> <span class='ocrx_word' id='word_1_163' title='bbox 496 2691 635 2728; x_wconf 81' lang='lat' dir='ltr'><strong>:non</strong></span> <span class='ocrx_word' id='word_1_164' title='bbox 651 2712 667 2738; x_wconf 88' lang='lat'><strong>,</strong></span> <span class='ocrx_word' id='word_1_165' title='bbox 690 2668 769 2723; x_wconf 85' lang='lat' dir='ltr'><strong>uti</strong></span> <span class='ocrx_word' id='word_1_166' title='bbox 793 2670 848 2723; x_wconf 87' lang='lat' dir='ltr'><strong>in</strong></span> <span class='ocrx_word' id='word_1_167' title='bbox 872 2669 1027 2724; x_wconf 79' lang='lat' dir='ltr'><strong>editis</strong></span> <span class='ocrx_word' id='word_1_168' title='bbox 1039 2672 1277 2739; x_wconf 64' lang='lat' dir='ltr'><strong>fertilem,</strong></span> 
     </span>
     <span class='ocr_line' id='line_1_29' title="bbox 253 2750 1279 2821; baseline -0.005 -12"><span class='ocrx_word' id='word_1_169' title='bbox 253 2767 309 2809; x_wconf 85' lang='lat' dir='ltr'><strong>et</strong></span> <span class='ocrx_word' id='word_1_170' title='bbox 325 2755 573 2807; x_wconf 76' lang='lat' dir='ltr'><strong>lacrimose</strong></span> <span class='ocrx_word' id='word_1_171' title='bbox 589 2756 762 2819; x_wconf 73' lang='lat' dir='ltr'><strong>crispa.</strong></span> <span class='ocrx_word' id='word_1_172' title='bbox 788 2771 810 2795; x_wconf 75' lang='grc' dir='ltr'>ι</span> <span class='ocrx_word' id='word_1_173' title='bbox 834 2750 900 2802; x_wconf 88' lang='lat' dir='ltr'><strong>In</strong></span> <span class='ocrx_word' id='word_1_174' title='bbox 919 2750 1066 2802; x_wconf 86' lang='lat' dir='ltr'><strong>omni</strong></span> <span class='ocrx_word' id='word_1_175' title='bbox 1087 2768 1279 2821; x_wconf 82' lang='lat' dir='ltr'><strong>genere</strong></span> 
     </span>
     <span class='ocr_line' id='line_1_30' title="bbox 254 2826 1280 2906; baseline -0.005 -19"><span class='ocrx_word' id='word_1_176' title='bbox 254 2848 312 2888; x_wconf 88' lang='lat' dir='ltr'><strong>et</strong></span> <span class='ocrx_word' id='word_1_177' title='bbox 362 2834 632 2906; x_wconf 84' lang='lat' dir='ltr'><strong>glutinum</strong></span> <span class='ocrx_word' id='word_1_178' title='bbox 685 2826 937 2882; x_wconf 76' lang='lat' dir='ltr'><strong>abdicant</strong></span> <span class='ocrx_word' id='word_1_179' title='bbox 991 2828 1235 2901; x_wconf 62' lang='lat' dir='ltr'><strong>quaedam</strong></span> <span class='ocrx_word' id='word_1_180' title='bbox 1263 2868 1280 2897; x_wconf 88' lang='lat'><strong><em>‚</em></strong></span> 
     </span>
     <span class='ocr_line' id='line_1_31' title="bbox 255 2908 1276 2981; baseline -0.004 -14"><span class='ocrx_word' id='word_1_181' title='bbox 255 2927 358 2967; x_wconf 86' lang='lat' dir='ltr'><strong>etc.</strong></span> <span class='ocrx_word' id='word_1_182' title='bbox 375 2938 397 2959; x_wconf 80' lang='grc' dir='ltr'><strong>ι</strong></span> <span class='ocrx_word' id='word_1_183' title='bbox 432 2925 526 2965; x_wconf 86' lang='lat' dir='ltr'><strong>aut</strong></span> <span class='ocrx_word' id='word_1_184' title='bbox 545 2910 626 2965; x_wconf 89' lang='lat' dir='ltr'><strong>nti</strong></span> <span class='ocrx_word' id='word_1_185' title='bbox 643 2909 859 2964; x_wconf 76' lang='lat' dir='ltr'><strong>Salmas.</strong></span> <span class='ocrx_word' id='word_1_186' title='bbox 889 2908 945 2960; x_wconf 89' lang='lat' dir='ltr'><strong>in</strong></span> <span class='ocrx_word' id='word_1_187' title='bbox 973 2908 1276 2981; x_wconf 87' lang='lat' dir='ltr'><strong>Solin.pag.</strong></span> 
     </span>
     <span class='ocr_line' id='line_1_32' title="bbox 261 2989 1278 3064; baseline -0.006 -19"><span class='ocrx_word' id='word_1_188' title='bbox 261 3000 392 3064; x_wconf 68' lang='lat'><strong>417,</strong></span> <span class='ocrx_word' id='word_1_189' title='bbox 413 2994 710 3060; x_wconf 62' lang='lat' dir='ltr'><strong>festucam,</strong></span> <span class='ocrx_word' id='word_1_190' title='bbox 747 3006 907 3060; x_wconf 85' lang='lat' dir='ltr'><strong>quam</strong></span> <span class='ocrx_word' id='word_1_191' title='bbox 947 3006 1124 3043; x_wconf 80' lang='lat' dir='ltr'><strong>secum</strong></span> <span class='ocrx_word' id='word_1_192' title='bbox 1165 2989 1278 3060; x_wconf 85' lang='lat' dir='ltr'><strong>ipse</strong></span> 
     </span>
     <span class='ocr_line' id='line_1_33' title="bbox 255 3068 1280 3145; baseline -0.005 -20"><span class='ocrx_word' id='word_1_193' title='bbox 255 3089 499 3145; x_wconf 80' lang='lat' dir='ltr'><strong>pugnans</strong></span> <span class='ocrx_word' id='word_1_194' title='bbox 527 3083 580 3125; x_wconf 89' lang='lat' dir='ltr'><strong>et</strong></span> <span class='ocrx_word' id='word_1_195' title='bbox 607 3070 826 3143; x_wconf 81' lang='lat' dir='ltr'><strong>probari</strong></span> <span class='ocrx_word' id='word_1_196' title='bbox 843 3068 1070 3121; x_wconf 80' lang='lat' dir='ltr'><strong>maxime</strong></span> <span class='ocrx_word' id='word_1_197' title='bbox 1093 3068 1149 3121; x_wconf 89' lang='lat' dir='ltr'><strong>in</strong></span> <span class='ocrx_word' id='word_1_198' title='bbox 1174 3068 1280 3121; x_wconf 85' lang='lat' dir='ltr'><strong>hoc</strong></span> 
     </span>
     <span class='ocr_line' id='line_1_34' title="bbox 257 3148 1280 3221; baseline -0.004 -16"><span class='ocrx_word' id='word_1_199' title='bbox 257 3170 356 3205; x_wconf 77' lang='lat' dir='ltr'><strong>usu</strong></span> <span class='ocrx_word' id='word_1_200' title='bbox 375 3152 526 3221; x_wconf 85' lang='lat' dir='ltr'><strong>cupit</strong></span> <span class='ocrx_word' id='word_1_201' title='bbox 539 3191 556 3216; x_wconf 89' lang='lat'><em>,</em></span> <span class='ocrx_word' id='word_1_202' title='bbox 579 3151 684 3204; x_wconf 83' lang='lat' dir='ltr'><strong>hoc</strong></span> <span class='ocrx_word' id='word_1_203' title='bbox 703 3159 806 3215; x_wconf 82' lang='lat' dir='ltr'><strong>est,</strong></span> <span class='ocrx_word' id='word_1_204' title='bbox 825 3149 880 3201; x_wconf 87' lang='lat' dir='ltr'><strong>in</strong></span> <span class='ocrx_word' id='word_1_205' title='bbox 899 3148 1248 3219; x_wconf 71' lang='lat' dir='ltr'><strong>glutinatione</strong></span> <span class='ocrx_word' id='word_1_206' title='bbox 1261 3184 1280 3213; x_wconf 90' lang='lat'><strong>,</strong></span> 
     </span>
     <span class='ocr_line' id='line_1_35' title="bbox 258 3228 1281 3303; baseline -0.005 -18"><span class='ocrx_word' id='word_1_207' title='bbox 258 3244 312 3285; x_wconf 86' lang='lat' dir='ltr'><strong>et</strong></span> <span class='ocrx_word' id='word_1_208' title='bbox 359 3231 626 3303; x_wconf 82' lang='lat' dir='ltr'><strong>&#39;glutinum</strong></span> <span class='ocrx_word' id='word_1_209' title='bbox 678 3229 837 3283; x_wconf 87' lang='lat' dir='ltr'><strong>simul</strong></span> <span class='ocrx_word' id='word_1_210' title='bbox 881 3228 1148 3282; x_wconf 80' lang='lat' dir='ltr'><strong>abdicare.</strong></span> <span class='ocrx_word' id='word_1_211' title='bbox 1192 3228 1281 3281; x_wconf 90' lang='lat' dir='ltr'><strong>Sic</strong></span> 
     </span>
     <span class='ocr_line' id='line_1_36' title="bbox 257 3306 1281 3380; baseline -0.004 -16"><span class='ocrx_word' id='word_1_212' title='bbox 257 3312 404 3364; x_wconf 86' lang='lat' dir='ltr'><strong>enim</strong></span> <span class='ocrx_word' id='word_1_213' title='bbox 443 3310 749 3380; x_wconf 65' lang='lat' dir='ltr'><strong>inter-pungi</strong></span> <span class='ocrx_word' id='word_1_214' title='bbox 789 3308 938 3380; x_wconf 86' lang='lat' dir='ltr'><strong>jubet</strong></span> <span class='ocrx_word' id='word_1_215' title='bbox 975 3326 988 3362; x_wconf 91' lang='lat'>:</span> <span class='ocrx_word' id='word_1_216' title='bbox 1017 3334 1040 3356; x_wconf 73' lang='grc' dir='ltr'>ι</span> <span class='ocrx_word' id='word_1_217' title='bbox 1081 3308 1145 3360; x_wconf 84' lang='lat' dir='ltr'><strong>In</strong></span> <span class='ocrx_word' id='word_1_218' title='bbox 1175 3306 1281 3360; x_wconf 80' lang='lat' dir='ltr'><strong>hoc</strong></span> 
     </span>
     <span class='ocr_line' id='line_1_37' title="bbox 259 3386 1280 3462; baseline -0.004 -19"><span class='ocrx_word' id='word_1_219' title='bbox 259 3409 358 3443; x_wconf 82' lang='lat' dir='ltr'><strong>usu</strong></span> <span class='ocrx_word' id='word_1_220' title='bbox 383 3390 617 3462; x_wconf 78' lang='lat' dir='ltr'><strong>probant</strong></span> <span class='ocrx_word' id='word_1_221' title='bbox 646 3405 831 3441; x_wconf 76' lang='lat' dir='ltr'><strong>venam</strong></span> <span class='ocrx_word' id='word_1_222' title='bbox 850 3425 866 3452; x_wconf 85' lang='lat'>,</span> <span class='ocrx_word' id='word_1_223' title='bbox 894 3400 948 3440; x_wconf 90' lang='lat' dir='ltr'><strong>et</strong></span> <span class='ocrx_word' id='word_1_224' title='bbox 983 3398 1174 3441; x_wconf 79' lang='lat' dir='ltr'><strong>vocant</strong></span> <span class='ocrx_word' id='word_1_225' title='bbox 1203 3386 1280 3440; x_wconf 84' lang='lat' dir='ltr'><strong>fe-</strong></span> 
     </span>
     <span class='ocr_line' id='line_1_38' title="bbox 259 3467 1281 3540; baseline -0.004 -17"><span class='ocrx_word' id='word_1_226' title='bbox 259 3482 490 3523; x_wconf 87' lang='lat' dir='ltr'><strong>stuceam</strong></span> <span class='ocrx_word' id='word_1_227' title='bbox 506 3506 522 3530; x_wconf 88' lang='lat'><em>,</em></span> <span class='ocrx_word' id='word_1_228' title='bbox 555 3468 808 3540; x_wconf 74' lang='lat' dir='ltr'><strong>quoniam</strong></span> <span class='ocrx_word' id='word_1_229' title='bbox 831 3467 1079 3521; x_wconf 73' lang='lat' dir='ltr'><strong>lacunose</strong></span> <span class='ocrx_word' id='word_1_230' title='bbox 1106 3467 1281 3539; x_wconf 76' lang='lat' dir='ltr'><strong>crispa</strong></span> 
     </span>
     <span class='ocr_line' id='line_1_39' title="bbox 261 3546 1280 3619; baseline -0.002 -19"><span class='ocrx_word' id='word_1_231' title='bbox 261 3550 318 3602; x_wconf 90' lang='lat' dir='ltr'><strong>in</strong></span> <span class='ocrx_word' id='word_1_232' title='bbox 343 3547 492 3601; x_wconf 86' lang='lat' dir='ltr'><strong>omni</strong></span> <span class='ocrx_word' id='word_1_233' title='bbox 515 3564 706 3619; x_wconf 83' lang='lat' dir='ltr'><strong>genere</strong></span> <span class='ocrx_word' id='word_1_234' title='bbox 724 3586 741 3613; x_wconf 88' lang='lat'>‚</span> <span class='ocrx_word' id='word_1_235' title='bbox 760 3558 815 3599; x_wconf 86' lang='lat' dir='ltr'><strong>et</strong></span> <span class='ocrx_word' id='word_1_236' title='bbox 841 3546 1104 3617; x_wconf 81' lang='lat' dir='ltr'><strong>glutinum</strong></span> <span class='ocrx_word' id='word_1_237' title='bbox 1130 3546 1280 3599; x_wconf 70' lang='lat' dir='ltr'><strong>abdi-</strong></span> 
     </span>
     <span class='ocr_line' id='line_1_40' title="bbox 261 3626 1280 3693; baseline -0.003 -12"><span class='ocrx_word' id='word_1_238' title='bbox 261 3640 362 3682; x_wconf 87' lang='lat' dir='ltr'><strong>cat.</strong></span> <span class='ocrx_word' id='word_1_239' title='bbox 376 3626 634 3693; x_wconf 60' lang='lat' dir='ltr'><strong>Quadam</strong></span> <span class='ocrx_word' id='word_1_240' title='bbox 645 3639 699 3679; x_wconf 88' lang='lat' dir='ltr'><strong>et</strong></span> <span class='ocrx_word' id='word_1_241' title='bbox 716 3626 852 3679; x_wconf 86' lang='lat' dir='ltr'><strong>inter</strong></span> <span class='ocrx_word' id='word_1_242' title='bbox 869 3644 952 3684; x_wconf 75' lang='lat' dir='ltr'><strong>se,</strong></span> <span class='ocrx_word' id='word_1_243' title='bbox 975 3640 1074 3679; x_wconf 85' lang='lat' dir='ltr'><strong>etr..</strong></span> <span class='ocrx_word' id='word_1_244' title='bbox 1095 3651 1118 3673; x_wconf 76' lang='grc' dir='ltr'>ι</span> <span class='ocrx_word' id='word_1_245' title='bbox 1143 3626 1280 3679; x_wconf 88' lang='lat' dir='ltr'><strong>Nam</strong></span> 
     </span>
     <span class='ocr_line' id='line_1_41' title="bbox 261 3705 1278 3777; baseline -0.002 -16"><span class='ocrx_word' id='word_1_246' title='bbox 261 3708 514 3761; x_wconf 85' lang='lat' dir='ltr'><strong>omnihus</strong></span> <span class='ocrx_word' id='word_1_247' title='bbox 559 3706 711 3760; x_wconf 81' lang='lat' dir='ltr'><strong>libris</strong></span> <span class='ocrx_word' id='word_1_248' title='bbox 753 3705 837 3758; x_wconf 83' lang='lat' dir='ltr'><strong>vel</strong></span> <span class='ocrx_word' id='word_1_249' title='bbox 889 3706 1005 3777; x_wconf 86' lang='lat' dir='ltr'><strong>ipso</strong></span> <span class='ocrx_word' id='word_1_250' title='bbox 1045 3705 1240 3759; x_wconf 83' lang='lat' dir='ltr'><strong>fatente</strong></span> <span class='ocrx_word' id='word_1_251' title='bbox 1261 3745 1278 3770; x_wconf 89' lang='lat'><em>,</em></span> 
     </span>
     <span class='ocr_line' id='line_1_42' title="bbox 255 3784 1277 3858; baseline 0 -20"><span class='ocrx_word' id='word_1_252' title='bbox 255 3786 460 3858; x_wconf 78' lang='lat' dir='ltr'><strong>probent</strong></span> <span class='ocrx_word' id='word_1_253' title='bbox 473 3824 488 3851; x_wconf 89' lang='lat'>,</span> <span class='ocrx_word' id='word_1_254' title='bbox 505 3784 922 3839; x_wconf 69' lang='lat' dir='ltr'><strong>constantissime</strong></span> <span class='ocrx_word' id='word_1_255' title='bbox 940 3785 1152 3855; x_wconf 81' lang='lat' dir='ltr'><strong>legitur.</strong></span> <span class='ocrx_word' id='word_1_256' title='bbox 1170 3786 1277 3838; x_wconf 81' lang='lat' dir='ltr'><strong>Ita·</strong></span> 
     </span>
     <span class='ocr_line' id='line_1_43' title="bbox 263 3865 1278 3937; baseline -0.003 -18"><span class='ocrx_word' id='word_1_257' title='bbox 263 3885 368 3937; x_wconf 84' lang='lat' dir='ltr'><strong>que</strong></span> <span class='ocrx_word' id='word_1_258' title='bbox 419 3884 555 3918; x_wconf 79' lang='lat' dir='ltr'><strong>nova</strong></span> <span class='ocrx_word' id='word_1_259' title='bbox 598 3867 906 3935; x_wconf 77' lang='lat' dir='ltr'><strong>conjectura</strong></span> <span class='ocrx_word' id='word_1_260' title='bbox 951 3882 1076 3917; x_wconf 88' lang='lat' dir='ltr'><strong>mox</strong></span> <span class='ocrx_word' id='word_1_261' title='bbox 1116 3865 1278 3934; x_wconf 79' lang='lat' dir='ltr'><strong>paulo</strong></span> 
     </span>
     <span class='ocr_line' id='line_1_44' title="bbox 263 3943 1280 4017; baseline 0.001 -20"><span class='ocrx_word' id='word_1_262' title='bbox 263 3944 366 4017; x_wconf 86' lang='lat' dir='ltr'><strong>legi</strong></span> <span class='ocrx_word' id='word_1_263' title='bbox 395 3956 572 3999; x_wconf 80' lang='lat' dir='ltr'><strong>censet</strong></span> <span class='ocrx_word' id='word_1_264' title='bbox 595 3958 840 4017; x_wconf 81' lang='lat' dir='ltr'><strong>oportere</strong></span> <span class='ocrx_word' id='word_1_265' title='bbox 873 3964 884 3995; x_wconf 94' lang='lat'><strong>:</strong></span> <span class='ocrx_word' id='word_1_266' title='bbox 919 3968 942 3991; x_wconf 74' lang='grc' dir='ltr'><strong>α</strong></span> <span class='ocrx_word' id='word_1_267' title='bbox 969 3944 1034 3996; x_wconf 90' lang='lat' dir='ltr'><strong>In</strong></span> <span class='ocrx_word' id='word_1_268' title='bbox 1055 3943 1161 3996; x_wconf 85' lang='lat' dir='ltr'><strong>hoc</strong></span> <span class='ocrx_word' id='word_1_269' title='bbox 1179 3962 1280 3998; x_wconf 83' lang='lat' dir='ltr'><strong>usu</strong></span> 
     </span>
     <span class='ocr_line' id='line_1_45' title="bbox 260 4024 1273 4096; baseline -0.004 -19"><span class='ocrx_word' id='word_1_270' title='bbox 260 4026 494 4096; x_wconf 80' lang='lat' dir='ltr'><strong>probant</strong></span> <span class='ocrx_word' id='word_1_271' title='bbox 515 4044 527 4077; x_wconf 92' lang='lat'><strong>:</strong></span> <span class='ocrx_word' id='word_1_272' title='bbox 557 4024 864 4095; x_wconf 78' lang='lat' dir='ltr'><strong>improbant</strong></span> <span class='ocrx_word' id='word_1_273' title='bbox 880 4042 1068 4076; x_wconf 79' lang='lat' dir='ltr'><strong>venam</strong></span> <span class='ocrx_word' id='word_1_274' title='bbox 1084 4059 1100 4081; x_wconf 86' lang='lat'><strong>‚</strong></span> <span class='ocrx_word' id='word_1_275' title='bbox 1125 4035 1224 4075; x_wconf 89' lang='lat' dir='ltr'><strong>etc.</strong></span> <span class='ocrx_word' id='word_1_276' title='bbox 1251 4049 1273 4070; x_wconf 69' lang='grc' dir='ltr'><strong>ι</strong></span> 
     </span>
    </p>
   </div>
   <div class='ocr_carea' id='block_1_8' title="bbox 1355 1241 2388 2508">
    <p class='ocr_par' dir='ltr' id='par_1_9' title="bbox 1355 1241 2385 1873">
     <span class='ocr_line' id='line_1_46' title="bbox 1357 1241 2383 1313; baseline 0.005 -16"><span class='ocrx_word' id='word_1_277' title='bbox 1357 1241 1603 1313; x_wconf 86' lang='lat' dir='ltr'><strong>Denique</strong></span> <span class='ocrx_word' id='word_1_278' title='bbox 1636 1241 1705 1296; x_wconf 83' lang='lat' dir='ltr'><strong>de</strong></span> <span class='ocrx_word' id='word_1_279' title='bbox 1728 1244 1985 1299; x_wconf 62' lang='lat' dir='ltr'><strong>stamine·</strong></span> <span class='ocrx_word' id='word_1_280' title='bbox 2010 1264 2147 1300; x_wconf 73' lang='lat' dir='ltr'><strong>vena</strong></span> <span class='ocrx_word' id='word_1_281' title='bbox 2167 1286 2185 1313; x_wconf 85' lang='lat'><em>,</em></span> <span class='ocrx_word' id='word_1_282' title='bbox 2226 1262 2279 1302; x_wconf 89' lang='lat' dir='ltr'><strong>et</strong></span> <span class='ocrx_word' id='word_1_283' title='bbox 2312 1246 2383 1302; x_wconf 88' lang='lat' dir='ltr'><strong>de</strong></span> 
     </span>
     <span class='ocr_line' id='line_1_47' title="bbox 1355 1322 2381 1396; baseline 0.006 -20"><span class='ocrx_word' id='word_1_284' title='bbox 1355 1322 1616 1376; x_wconf 84' lang='lat' dir='ltr'><strong>lacunoso</strong></span> <span class='ocrx_word' id='word_1_285' title='bbox 1665 1323 1901 1396; x_wconf 80' lang='lat' dir='ltr'><strong>crispetu</strong></span> <span class='ocrx_word' id='word_1_286' title='bbox 1917 1362 1934 1390; x_wconf 88' lang='lat'><strong>,</strong></span> <span class='ocrx_word' id='word_1_287' title='bbox 1981 1337 2035 1378; x_wconf 89' lang='lat' dir='ltr'><strong>et</strong></span> <span class='ocrx_word' id='word_1_288' title='bbox 2075 1324 2145 1379; x_wconf 87' lang='lat' dir='ltr'><strong>de</strong></span> <span class='ocrx_word' id='word_1_289' title='bbox 2185 1327 2381 1382; x_wconf 80' lang='lat' dir='ltr'><strong>festuca</strong></span> 
     </span>
     <span class='ocr_line' id='line_1_48' title="bbox 1359 1400 2377 1481; baseline 0.006 -26"><span class='ocrx_word' id='word_1_290' title='bbox 1359 1400 1519 1463; x_wconf 88' lang='lat' dir='ltr'><strong>dicit,</strong></span> <span class='ocrx_word' id='word_1_291' title='bbox 1547 1419 1666 1473; x_wconf 68' lang='lat' dir='ltr'><strong>qno</strong></span> <span class='ocrx_word' id='word_1_292' title='bbox 1692 1403 1917 1457; x_wconf 77' lang='lat' dir='ltr'><strong>festuceu</strong></span> <span class='ocrx_word' id='word_1_293' title='bbox 1946 1403 2119 1459; x_wconf 79' lang='lat' dir='ltr'><strong>videri</strong></span> <span class='ocrx_word' id='word_1_294' title='bbox 2140 1408 2377 1481; x_wconf 81' lang='lat' dir='ltr'><strong>possint:</strong></span> 
     </span>
     <span class='ocr_line' id='line_1_49' title="bbox 1359 1480 2384 1553; baseline 0.006 -18"><span class='ocrx_word' id='word_1_295' title='bbox 1359 1498 1461 1535; x_wconf 86' lang='lat' dir='ltr'><strong>nec</strong></span> <span class='ocrx_word' id='word_1_296' title='bbox 1488 1480 1589 1535; x_wconf 84' lang='lat' dir='ltr'><strong>sibi</strong></span> <span class='ocrx_word' id='word_1_297' title='bbox 1615 1480 1715 1553; x_wconf 81' lang='lat' dir='ltr'><strong>ipsi</strong></span> <span class='ocrx_word' id='word_1_298' title='bbox 1748 1482 1997 1537; x_wconf 78' lang='lat' dir='ltr'><strong>satisfacit</strong></span> <span class='ocrx_word' id='word_1_299' title='bbox 2024 1502 2039 1538; x_wconf 73' lang='grc' dir='ltr'><strong><em>ε</em></strong></span> <span class='ocrx_word' id='word_1_300' title='bbox 2069 1486 2227 1539; x_wconf 81' lang='lat' dir='ltr'><strong>nobis</strong></span> <span class='ocrx_word' id='word_1_301' title='bbox 2253 1505 2384 1541; x_wconf 73' lang='lat' dir='ltr'><strong>vero</strong></span> 
     </span>
     <span class='ocr_line' id='line_1_50' title="bbox 1361 1561 2383 1619; baseline 0.007 -7"><span class='ocrx_word' id='word_1_302' title='bbox 1361 1561 1533 1613; x_wconf 86' lang='lat' dir='ltr'><strong>multo</strong></span> <span class='ocrx_word' id='word_1_303' title='bbox 1560 1562 1757 1615; x_wconf 86' lang='lat' dir='ltr'><strong>minus.</strong></span> <span class='ocrx_word' id='word_1_304' title='bbox 1783 1562 1968 1617; x_wconf 56' lang='lat' dir='ltr'><strong>Ham).</strong></span> <span class='ocrx_word' id='word_1_305' title='bbox 1984 1564 2383 1619; x_wconf 72' lang='lat' dir='ltr'><strong>-Ferulamm</strong></span> 
     </span>
     <span class='ocr_line' id='line_1_51' title="bbox 1358 1640 2381 1711; baseline 0.005 -17"><span class='ocrx_word' id='word_1_306' title='bbox 1358 1640 1551 1711; x_wconf 79' lang='lat' dir='ltr'><strong>recipit</strong></span> <span class='ocrx_word' id='word_1_307' title='bbox 1600 1642 1903 1707; x_wconf 85' lang='lat' dir='ltr'><strong>Broterius‚</strong></span> <span class='ocrx_word' id='word_1_308' title='bbox 1943 1655 2001 1696; x_wconf 83' lang='lat' dir='ltr'><strong>et</strong></span> <span class='ocrx_word' id='word_1_309' title='bbox 2045 1644 2381 1700; x_wconf 67' lang='lat' dir='ltr'><strong>lietduinum</strong></span> 
     </span>
     <span class='ocr_line' id='line_1_52' title="bbox 1361 1720 2385 1791; baseline 0.005 -17"><span class='ocrx_word' id='word_1_310' title='bbox 1361 1732 1505 1774; x_wconf 78' lang='lat' dir='ltr'><strong>taxat</strong></span> <span class='ocrx_word' id='word_1_311' title='bbox 1534 1721 1629 1791; x_wconf 86' lang='lat' dir='ltr'><strong>qui</strong></span> <span class='ocrx_word' id='word_1_312' title='bbox 1647 1722 1888 1788; x_wconf 76' lang='lat' dir='ltr'><strong>fet-aleam</strong></span> <span class='ocrx_word' id='word_1_313' title='bbox 1912 1720 2147 1777; x_wconf 84' lang='lat' dir='ltr'><strong>scribere</strong></span> <span class='ocrx_word' id='word_1_314' title='bbox 2170 1743 2199 1777; x_wconf 89' lang='lat' dir='ltr'><strong>e</strong></span> <span class='ocrx_word' id='word_1_315' title='bbox 2226 1724 2385 1781; x_wconf 79' lang='lat' dir='ltr'><strong>MSS.</strong></span> 
     </span>
     <span class='ocr_line' id='line_1_53' title="bbox 1361 1799 2039 1873; baseline 0.003 -20"><span class='ocrx_word' id='word_1_316' title='bbox 1361 1799 1555 1853; x_wconf 83' lang='lat' dir='ltr'><strong>maluit</strong></span> <span class='ocrx_word' id='word_1_317' title='bbox 1571 1837 1588 1864; x_wconf 84' lang='lat'>,</span> <span class='ocrx_word' id='word_1_318' title='bbox 1609 1801 1729 1873; x_wconf 91' lang='lat' dir='ltr'><strong>ipso</strong></span> <span class='ocrx_word' id='word_1_319' title='bbox 1760 1813 1907 1855; x_wconf 78' lang='lat' dir='ltr'><strong>teste.</strong></span> <span class='ocrx_word' id='word_1_320' title='bbox 1932 1802 2039 1855; x_wconf 83' lang='lat' dir='ltr'><strong>En.</strong></span> 
     </span>
    </p>

    <p class='ocr_par' dir='ltr' id='par_1_10' title="bbox 1360 1878 2388 2508">
     <span class='ocr_line' id='line_1_54' title="bbox 1445 1878 2383 1952; baseline 0.009 -21"><span class='ocrx_word' id='word_1_321' title='bbox 1445 1881 1500 1931; x_wconf 87' lang='lat'><strong>6.</strong></span> <span class='ocrx_word' id='word_1_322' title='bbox 1524 1878 1587 1931; x_wconf 79' lang='lat' dir='ltr'><strong>In</strong></span> <span class='ocrx_word' id='word_1_323' title='bbox 1620 1884 1752 1933; x_wconf 75' lang='lat' dir='ltr'><strong>omni</strong></span> <span class='ocrx_word' id='word_1_324' title='bbox 1785 1900 1976 1951; x_wconf 74' lang='lat' dir='ltr'><strong>genere.</strong></span> <span class='ocrx_word' id='word_1_325' title='bbox 2006 1882 2086 1934; x_wconf 79' lang='lat' dir='ltr'><strong>Ee</strong></span> <span class='ocrx_word' id='word_1_326' title='bbox 2108 1883 2383 1952; x_wconf 55' lang='lat' dir='ltr'><strong>glutinum.</strong></span> 
     </span>
     <span class='ocr_line' id='line_1_55' title="bbox 1363 1958 2387 2035; baseline 0.008 -25"><span class='ocrx_word' id='word_1_327' title='bbox 1363 1970 1463 2011; x_wconf 90' lang='lat' dir='ltr'><strong>etc.</strong></span> <span class='ocrx_word' id='word_1_328' title='bbox 1500 1983 1522 2006; x_wconf 78' lang='grc' dir='ltr'>ι</span> <span class='ocrx_word' id='word_1_329' title='bbox 1552 1958 1689 2011; x_wconf 91' lang='lat' dir='ltr'><strong>Pino</strong></span> <span class='ocrx_word' id='word_1_330' title='bbox 1715 1970 1769 2012; x_wconf 89' lang='lat' dir='ltr'><strong>et</strong></span> <span class='ocrx_word' id='word_1_331' title='bbox 1797 1960 1955 2013; x_wconf 87' lang='lat' dir='ltr'><strong>abieti</strong></span> <span class='ocrx_word' id='word_1_332' title='bbox 1985 1979 2213 2034; x_wconf 81' lang='lat' dir='ltr'><strong>quercus</strong></span> <span class='ocrx_word' id='word_1_333' title='bbox 2238 1983 2387 2035; x_wconf 74' lang='lat' dir='ltr'><strong>aeque</strong></span> 
     </span>
     <span class='ocr_line' id='line_1_56' title="bbox 1361 2036 2385 2109; baseline 0.007 -19"><span class='ocrx_word' id='word_1_334' title='bbox 1361 2056 1475 2091; x_wconf 89' lang='lat' dir='ltr'><strong>non</strong></span> <span class='ocrx_word' id='word_1_335' title='bbox 1538 2036 1905 2109; x_wconf 79' lang='lat' dir='ltr'><strong>adglutinatur</strong></span> <span class='ocrx_word' id='word_1_336' title='bbox 1952 2061 1965 2091; x_wconf 74' lang='grc' dir='ltr'><strong><em>ε</em></strong></span> <span class='ocrx_word' id='word_1_337' title='bbox 2020 2038 2185 2095; x_wconf 84' lang='lat' dir='ltr'><strong>altera</strong></span> <span class='ocrx_word' id='word_1_338' title='bbox 2242 2043 2385 2097; x_wconf 89' lang='lat' dir='ltr'><strong>enim</strong></span> 
     </span>
     <span class='ocr_line' id='line_1_57' title="bbox 1363 2106 2387 2192; baseline 0.008 -24"><span class='ocrx_word' id='word_1_339' title='bbox 1363 2106 1553 2187; x_wconf 78' lang='lat' dir='ltr'><strong>(pinus)</strong></span> <span class='ocrx_word' id='word_1_340' title='bbox 1606 2118 1769 2189; x_wconf 80' lang='lat' dir='ltr'><strong>spissa</strong></span> <span class='ocrx_word' id='word_1_341' title='bbox 1787 2156 1804 2184; x_wconf 86' lang='lat'>,</span> <span class='ocrx_word' id='word_1_342' title='bbox 1852 2138 1972 2173; x_wconf 77' lang='lat' dir='ltr'><strong>rara</strong></span> <span class='ocrx_word' id='word_1_343' title='bbox 2010 2120 2175 2175; x_wconf 80' lang='lat' dir='ltr'><strong>ultera</strong></span> <span class='ocrx_word' id='word_1_344' title='bbox 2210 2114 2387 2192; x_wconf 72' lang='lat' dir='ltr'><strong>(abies)</strong></span> 
     </span>
     <span class='ocr_line' id='line_1_58' title="bbox 1362 2189 2385 2271; baseline 0.006 -21"><span class='ocrx_word' id='word_1_345' title='bbox 1362 2210 1415 2250; x_wconf 88' lang='lat' dir='ltr'><strong>et</strong></span> <span class='ocrx_word' id='word_1_346' title='bbox 1462 2196 1622 2251; x_wconf 85' lang='lat' dir='ltr'><strong>altera</strong></span> <span class='ocrx_word' id='word_1_347' title='bbox 1666 2189 1691 2267; x_wconf 89' lang='lat'>(</span> <span class='ocrx_word' id='word_1_348' title='bbox 1706 2189 1889 2271; x_wconf 69' lang='lat' dir='ltr'><strong>pinus)</strong></span> <span class='ocrx_word' id='word_1_349' title='bbox 1919 2198 2146 2253; x_wconf 75' lang='lat' dir='ltr'><strong>similior</strong></span> <span class='ocrx_word' id='word_1_350' title='bbox 2182 2219 2197 2256; x_wconf 72' lang='grc' dir='ltr'><em>τ</em></span> <span class='ocrx_word' id='word_1_351' title='bbox 2224 2201 2385 2256; x_wconf 83' lang='lat' dir='ltr'><strong>altera</strong></span> 
     </span>
     <span class='ocr_line' id='line_1_59' title="bbox 1362 2271 2387 2344; baseline 0.01 -17"><span class='ocrx_word' id='word_1_352' title='bbox 1362 2271 1535 2344; x_wconf 78' lang='lat' dir='ltr'><strong>(abies</strong></span> <span class='ocrx_word' id='word_1_353' title='bbox 1559 2274 1581 2341; x_wconf 95' lang='lat'>)</span> <span class='ocrx_word' id='word_1_354' title='bbox 1615 2277 1792 2331; x_wconf 85' lang='lat' dir='ltr'><strong>minus</strong></span> <span class='ocrx_word' id='word_1_355' title='bbox 1817 2278 2023 2333; x_wconf 80' lang='lat' dir='ltr'><strong>similis.</strong></span> <span class='ocrx_word' id='word_1_356' title='bbox 2062 2279 2237 2333; x_wconf 89' lang='lat' dir='ltr'><strong>Simili</strong></span> <span class='ocrx_word' id='word_1_357' title='bbox 2257 2301 2387 2336; x_wconf 75' lang='lat' dir='ltr'><strong>vero</strong></span> 
     </span>
     <span class='ocr_line' id='line_1_60' title="bbox 1360 2361 2388 2431; baseline 0.008 -23"><span class='ocrx_word' id='word_1_358' title='bbox 1360 2367 1551 2409; x_wconf 79' lang='lat' dir='ltr'><strong>natura</strong></span> <span class='ocrx_word' id='word_1_359' title='bbox 1582 2374 1693 2410; x_wconf 80' lang='lat' dir='ltr'><strong>esse</strong></span> <span class='ocrx_word' id='word_1_360' title='bbox 1722 2372 1933 2428; x_wconf 84' lang='lat' dir='ltr'><strong>oportet</strong></span> <span class='ocrx_word' id='word_1_361' title='bbox 1952 2377 2071 2431; x_wconf 68' lang='lat' dir='ltr'><strong>quc</strong></span> <span class='ocrx_word' id='word_1_362' title='bbox 2092 2361 2388 2415; x_wconf 69' lang='lat' dir='ltr'><strong>coalescere</strong></span> 
     </span>
     <span class='ocr_line' id='line_1_61' title="bbox 1362 2434 2383 2508; baseline 0.006 -21"><span class='ocrx_word' id='word_1_363' title='bbox 1362 2448 1418 2488; x_wconf 90' lang='lat' dir='ltr'><strong>et</strong></span> <span class='ocrx_word' id='word_1_364' title='bbox 1444 2437 1710 2508; x_wconf 85' lang='lat' dir='ltr'><strong>compingi</strong></span> <span class='ocrx_word' id='word_1_365' title='bbox 1733 2434 1949 2503; x_wconf 86' lang='lat' dir='ltr'><strong>debent,</strong></span> <span class='ocrx_word' id='word_1_366' title='bbox 1972 2458 2081 2491; x_wconf 88' lang='lat' dir='ltr'><strong>non</strong></span> <span class='ocrx_word' id='word_1_367' title='bbox 2094 2440 2383 2505; x_wconf 83' lang='lat' dir='ltr'><strong>contraria,</strong></span> 
     </span>
    </p>
   </div>
   <div class='ocr_carea' id='block_1_9' title="bbox 1361 2514 2387 2661">
    <p class='ocr_par' dir='ltr' id='par_1_11' title="bbox 1361 2514 2387 2661">
     <span class='ocr_line' id='line_1_62' title="bbox 1361 2514 2385 2592; baseline 0.007 -25"><span class='ocrx_word' id='word_1_368' title='bbox 1361 2532 1463 2567; x_wconf 92' lang='lat' dir='ltr'><strong>ceu</strong></span> <span class='ocrx_word' id='word_1_369' title='bbox 1484 2514 1687 2585; x_wconf 89' lang='lat' dir='ltr'><strong>lignum</strong></span> <span class='ocrx_word' id='word_1_370' title='bbox 1718 2528 1771 2569; x_wconf 88' lang='lat' dir='ltr'><strong>et</strong></span> <span class='ocrx_word' id='word_1_371' title='bbox 1794 2515 2047 2587; x_wconf 85' lang='lat' dir='ltr'><strong>lapidem.</strong></span> <span class='ocrx_word' id='word_1_372' title='bbox 2068 2543 2091 2565; x_wconf 76' lang='grc' dir='ltr'>ι</span> <span class='ocrx_word' id='word_1_373' title='bbox 2110 2518 2385 2592; x_wconf 84' lang='lat' dir='ltr'><strong>Theophr.</strong></span> 
     </span>
     <span class='ocr_line' id='line_1_63' title="bbox 1363 2594 2387 2661; baseline 0.008 -17"><span class='ocrx_word' id='word_1_374' title='bbox 1363 2595 1569 2645; x_wconf 56' lang='lat' dir='ltr'><strong>Dante.</strong></span> <span class='ocrx_word' id='word_1_375' title='bbox 1605 2623 1683 2634; x_wconf 95' lang='lat'><strong>—-</strong></span> <span class='ocrx_word' id='word_1_376' title='bbox 1722 2594 2001 2661; x_wconf 65' lang='lat' dir='ltr'><strong>Laciniae,</strong></span> <span class='ocrx_word' id='word_1_377' title='bbox 2044 2608 2149 2651; x_wconf 82' lang='lat' dir='ltr'><strong>etc.</strong></span> <span class='ocrx_word' id='word_1_378' title='bbox 2201 2600 2387 2652; x_wconf 83' lang='lat' dir='ltr'><strong>Brote-</strong></span> 
     </span>
    </p>
   </div>
   <div class='ocr_carea' id='block_1_10' title="bbox 1361 2670 2391 4098">
    <p class='ocr_par' dir='ltr' id='par_1_12' title="bbox 1361 2670 2387 2883">
     <span class='ocr_line' id='line_1_64' title="bbox 1361 2670 2387 2744; baseline 0.008 -22"><span class='ocrx_word' id='word_1_379' title='bbox 1361 2670 1476 2723; x_wconf 88' lang='lat' dir='ltr'><strong>rins</strong></span> <span class='ocrx_word' id='word_1_380' title='bbox 1502 2688 1533 2723; x_wconf 89' lang='lat' dir='ltr'><strong>e</strong></span> <span class='ocrx_word' id='word_1_381' title='bbox 1556 2672 1674 2725; x_wconf 80' lang='lat' dir='ltr'><strong>Ms.</strong></span> <span class='ocrx_word' id='word_1_382' title='bbox 1702 2674 1831 2743; x_wconf 85' lang='lat' dir='ltr'><strong>Reg.</strong></span> <span class='ocrx_word' id='word_1_383' title='bbox 1864 2692 1889 2726; x_wconf 83' lang='lat'>1</span> <span class='ocrx_word' id='word_1_384' title='bbox 1927 2672 2146 2727; x_wconf 87' lang='lat' dir='ltr'><strong>totidem</strong></span> <span class='ocrx_word' id='word_1_385' title='bbox 2168 2675 2387 2744; x_wconf 82' lang='lat' dir='ltr'><strong>litteris,</strong></span> 
     </span>
     <span class='ocr_line' id='line_1_65' title="bbox 1362 2750 2387 2823; baseline 0.007 -22"><span class='ocrx_word' id='word_1_386' title='bbox 1362 2753 1589 2822; x_wconf 74' lang='lat' dir='ltr'><strong>quoniam</strong></span> <span class='ocrx_word' id='word_1_387' title='bbox 1635 2750 1862 2803; x_wconf 76' lang='lat' dir='ltr'><strong>lacunosa</strong></span> <span class='ocrx_word' id='word_1_388' title='bbox 1888 2763 1937 2804; x_wconf 78' lang='lat' dir='ltr'><strong>et</strong></span> <span class='ocrx_word' id='word_1_389' title='bbox 1960 2755 2119 2823; x_wconf 65' lang='grc' dir='ltr'><strong><em>στίφη</em></strong></span> <span class='ocrx_word' id='word_1_390' title='bbox 2142 2753 2387 2823; x_wconf 67' lang='lat' dir='ltr'><strong>glutinum&#39;</strong></span> 
     </span>
     <span class='ocr_line' id='line_1_66' title="bbox 1362 2826 1710 2883; baseline 0.006 -3"><span class='ocrx_word' id='word_1_391' title='bbox 1362 2828 1572 2883; x_wconf 71' lang='lat' dir='ltr'><strong>abdicat.</strong></span> <span class='ocrx_word' id='word_1_392' title='bbox 1604 2826 1710 2883; x_wconf 84' lang='lat' dir='ltr'><strong>Eu.</strong></span> 
     </span>
    </p>

    <p class='ocr_par' dir='ltr' id='par_1_13' title="bbox 1364 2901 2385 3123">
     <span class='ocr_line' id='line_1_67' title="bbox 1445 2901 2385 2981; baseline 0.004 -18"><span class='ocrx_word' id='word_1_393' title='bbox 1445 2928 1501 2979; x_wconf 91' lang='lat'><strong>7.</strong></span> <span class='ocrx_word' id='word_1_394' title='bbox 1531 2910 1649 2963; x_wconf 74' lang='lat' dir='ltr'><strong>Nisi</strong></span> <span class='ocrx_word' id='word_1_395' title='bbox 1688 2910 1881 2963; x_wconf 69' lang='lat' dir='ltr'><strong>slmiliaet.</strong></span> <span class='ocrx_word' id='word_1_396' title='bbox 1924 2901 2216 2981; x_wconf 75' lang='grc' dir='ltr'><strong>ὁμοιοπαθῆ</strong></span> <span class='ocrx_word' id='word_1_397' title='bbox 2233 2952 2252 2979; x_wconf 88' lang='grc'>,</span> <span class='ocrx_word' id='word_1_398' title='bbox 2300 2914 2385 2967; x_wconf 88' lang='lat' dir='ltr'><strong>in·</strong></span> 
     </span>
     <span class='ocr_line' id='line_1_68' title="bbox 1364 2988 2383 3065; baseline 0.007 -24"><span class='ocrx_word' id='word_1_399' title='bbox 1364 2988 1483 3061; x_wconf 89' lang='lat' dir='ltr'><strong>quit</strong></span> <span class='ocrx_word' id='word_1_400' title='bbox 1518 2988 1794 3061; x_wconf 88' lang='lat' dir='ltr'><strong>Theophr.</strong></span> <span class='ocrx_word' id='word_1_401' title='bbox 1818 2988 1953 3045; x_wconf 85' lang='lat' dir='ltr'><strong>Hist.</strong></span> <span class='ocrx_word' id='word_1_402' title='bbox 1982 2989 2079 3046; x_wconf 83' lang='lat' dir='ltr'><strong>lib.</strong></span> <span class='ocrx_word' id='word_1_403' title='bbox 2106 2994 2193 3045; x_wconf 93' lang='lat'><strong>111</strong></span> <span class='ocrx_word' id='word_1_404' title='bbox 2216 3032 2233 3057; x_wconf 89' lang='lat'>,</span> <span class='ocrx_word' id='word_1_405' title='bbox 2264 3012 2383 3065; x_wconf 86' lang='lat' dir='ltr'><strong>cap.</strong></span> 
     </span>
     <span class='ocr_line' id='line_1_69' title="bbox 1368 3069 1635 3123; baseline 0 0"><span class='ocrx_word' id='word_1_406' title='bbox 1368 3070 1422 3123; x_wconf 85' lang='lat'><strong>8.</strong></span> <span class='ocrx_word' id='word_1_407' title='bbox 1455 3069 1635 3123; x_wconf 72' lang='lat' dir='ltr'><strong>Hum-</strong></span> 
     </span>
    </p>

    <p class='ocr_par' dir='ltr' id='par_1_14' title="bbox 1361 3148 2382 3362">
     <span class='ocr_line' id='line_1_70' title="bbox 1446 3148 2381 3223; baseline 0.006 -23"><span class='ocrx_word' id='word_1_408' title='bbox 1446 3148 1497 3201; x_wconf 81' lang='lat'><strong>8.</strong></span> <span class='ocrx_word' id='word_1_409' title='bbox 1535 3148 1605 3201; x_wconf 84' lang='lat' dir='ltr'><strong>Ut</strong></span> <span class='ocrx_word' id='word_1_410' title='bbox 1630 3151 1675 3201; x_wconf 78' lang='lat' dir='ltr'><strong>si</strong></span> <span class='ocrx_word' id='word_1_411' title='bbox 1704 3154 1825 3223; x_wconf 81' lang='lat' dir='ltr'><strong>quis.</strong></span> <span class='ocrx_word' id='word_1_412' title='bbox 1852 3150 1905 3203; x_wconf 87' lang='lat' dir='ltr'><strong>Is</strong></span> <span class='ocrx_word' id='word_1_413' title='bbox 1929 3168 2059 3204; x_wconf 85' lang='lat' dir='ltr'><strong>sane</strong></span> <span class='ocrx_word' id='word_1_414' title='bbox 2080 3150 2275 3205; x_wconf 69' lang='lat' dir='ltr'><strong>frustra</strong></span> <span class='ocrx_word' id='word_1_415' title='bbox 2300 3152 2381 3206; x_wconf 77' lang='lat' dir='ltr'><strong>fo·</strong></span> 
     </span>
     <span class='ocr_line' id='line_1_71' title="bbox 1364 3229 2382 3305; baseline 0.006 -24"><span class='ocrx_word' id='word_1_416' title='bbox 1364 3240 1477 3294; x_wconf 82' lang='lat' dir='ltr'><strong>ret,</strong></span> <span class='ocrx_word' id='word_1_417' title='bbox 1498 3240 1551 3282; x_wconf 88' lang='lat' dir='ltr'><strong>et</strong></span> <span class='ocrx_word' id='word_1_418' title='bbox 1570 3229 1839 3300; x_wconf 86' lang='lat' dir='ltr'><strong>glutinum</strong></span> <span class='ocrx_word' id='word_1_419' title='bbox 1867 3231 2118 3302; x_wconf 85' lang='lat' dir='ltr'><strong>perderet</strong></span> <span class='ocrx_word' id='word_1_420' title='bbox 2138 3269 2156 3296; x_wconf 84' lang='lat'>‚</span> <span class='ocrx_word' id='word_1_421' title='bbox 2180 3244 2236 3285; x_wconf 87' lang='lat' dir='ltr'><strong>et</strong></span> <span class='ocrx_word' id='word_1_422' title='bbox 2253 3250 2382 3305; x_wconf 89' lang='lat' dir='ltr'><strong>ope-</strong></span> 
     </span>
     <span class='ocr_line' id='line_1_72' title="bbox 1361 3306 1711 3362; baseline 0 0"><span class='ocrx_word' id='word_1_423' title='bbox 1361 3326 1496 3362; x_wconf 86' lang='lat' dir='ltr'><strong>ram.</strong></span> <span class='ocrx_word' id='word_1_424' title='bbox 1530 3306 1711 3362; x_wconf 57' lang='lat' dir='ltr'><strong>Banu.</strong></span> 
     </span>
    </p>

    <p class='ocr_par' dir='ltr' id='par_1_15' title="bbox 1365 3388 2385 3857">
     <span class='ocr_line' id='line_1_73' title="bbox 1451 3388 2385 3463; baseline 0.005 -23"><span class='ocrx_word' id='word_1_425' title='bbox 1451 3407 1503 3457; x_wconf 87' lang='lat'><strong>9.</strong></span> <span class='ocrx_word' id='word_1_426' title='bbox 1530 3388 1691 3441; x_wconf 70' lang='lat' dir='ltr'><strong>Audit</strong></span> <span class='ocrx_word' id='word_1_427' title='bbox 1711 3388 1893 3441; x_wconf 81' lang='lat' dir='ltr'><strong>sorbus.</strong></span> <span class='ocrx_word' id='word_1_428' title='bbox 1924 3388 2204 3457; x_wconf 76' lang='lat' dir='ltr'><strong>Admittit,</strong></span> <span class='ocrx_word' id='word_1_429' title='bbox 2230 3390 2385 3463; x_wconf 83' lang='lat' dir='ltr'><strong>eique</strong></span> 
     </span>
     <span class='ocr_line' id='line_1_74' title="bbox 1365 3466 2383 3540; baseline 0.004 -22"><span class='ocrx_word' id='word_1_430' title='bbox 1365 3466 1559 3539; x_wconf 81' lang='lat' dir='ltr'><strong>glutini</strong></span> <span class='ocrx_word' id='word_1_431' title='bbox 1604 3487 1708 3540; x_wconf 88' lang='lat' dir='ltr'><strong>ope</strong></span> <span class='ocrx_word' id='word_1_432' title='bbox 1738 3468 2000 3535; x_wconf 76' lang='lat' dir='ltr'><strong>cohaeret,</strong></span> <span class='ocrx_word' id='word_1_433' title='bbox 2036 3488 2098 3524; x_wconf 90' lang='lat' dir='ltr'><strong>ac</strong></span> <span class='ocrx_word' id='word_1_434' title='bbox 2136 3469 2383 3524; x_wconf 72' lang='lat' dir='ltr'><strong>sociatur.</strong></span> 
     </span>
     <span class='ocr_line' id='line_1_75' title="bbox 1367 3546 2385 3615; baseline 0.006 -17"><span class='ocrx_word' id='word_1_435' title='bbox 1367 3547 1447 3600; x_wconf 82' lang='lat' dir='ltr'><strong>Ita</strong></span> <span class='ocrx_word' id='word_1_436' title='bbox 1468 3546 1591 3599; x_wconf 85' lang='lat' dir='ltr'><strong>libri</strong></span> <span class='ocrx_word' id='word_1_437' title='bbox 1622 3567 1807 3601; x_wconf 89' lang='lat' dir='ltr'><strong>omnes</strong></span> <span class='ocrx_word' id='word_1_438' title='bbox 1822 3588 1837 3615; x_wconf 89' lang='lat'>,</span> <span class='ocrx_word' id='word_1_439' title='bbox 1861 3550 2016 3602; x_wconf 79' lang='lat' dir='ltr'><strong>etiam</strong></span> <span class='ocrx_word' id='word_1_440' title='bbox 2039 3548 2190 3604; x_wconf 78' lang='lat' dir='ltr'><strong>MSS.</strong></span> <span class='ocrx_word' id='word_1_441' title='bbox 2218 3550 2286 3603; x_wconf 81' lang='grc' dir='ltr'><strong>Η.</strong></span> <span class='ocrx_word' id='word_1_442' title='bbox 2306 3583 2385 3592; x_wconf 95' lang='grc'>-</span> 
     </span>
     <span class='ocr_line' id='line_1_76' title="bbox 1367 3626 2385 3701; baseline 0.003 -22"><span class='ocrx_word' id='word_1_443' title='bbox 1367 3626 1547 3679; x_wconf 76' lang='lat' dir='ltr'><strong>Audis.</strong></span> <span class='ocrx_word' id='word_1_444' title='bbox 1570 3627 1847 3681; x_wconf 86' lang='lat' dir='ltr'><strong>Broterius</strong></span> <span class='ocrx_word' id='word_1_445' title='bbox 1858 3628 1963 3681; x_wconf 79' lang='lat' dir='ltr'><strong>odit</strong></span> <span class='ocrx_word' id='word_1_446' title='bbox 1977 3670 1993 3693; x_wconf 90' lang='lat'><strong>,</strong></span> <span class='ocrx_word' id='word_1_447' title='bbox 2010 3628 2157 3701; x_wconf 85' lang='lat' dir='ltr'><strong>quod</strong></span> <span class='ocrx_word' id='word_1_448' title='bbox 2180 3629 2385 3684; x_wconf 81' lang='lat' dir='ltr'><strong>invenit</strong></span> 
     </span>
     <span class='ocr_line' id='line_1_77' title="bbox 1366 3704 2385 3779; baseline 0.006 -21"><span class='ocrx_word' id='word_1_449' title='bbox 1366 3706 1423 3759; x_wconf 87' lang='lat' dir='ltr'><strong>in</strong></span> <span class='ocrx_word' id='word_1_450' title='bbox 1440 3704 1556 3759; x_wconf 80' lang='lat' dir='ltr'><strong>MS.</strong></span> <span class='ocrx_word' id='word_1_451' title='bbox 1588 3708 1716 3779; x_wconf 84' lang='lat' dir='ltr'><strong>Reg.</strong></span> <span class='ocrx_word' id='word_1_452' title='bbox 1736 3728 1789 3773; x_wconf 66' lang='grc' dir='ltr'><strong>ει,</strong></span> <span class='ocrx_word' id='word_1_453' title='bbox 1802 3726 1864 3761; x_wconf 84' lang='lat' dir='ltr'><strong>ex</strong></span> <span class='ocrx_word' id='word_1_454' title='bbox 1879 3708 2244 3763; x_wconf 83' lang='lat' dir='ltr'><strong>emendatione</strong></span> <span class='ocrx_word' id='word_1_455' title='bbox 2256 3710 2385 3763; x_wconf 86' lang='lat' dir='ltr'><strong>scri·</strong></span> 
     </span>
     <span class='ocr_line' id='line_1_78' title="bbox 1365 3786 1671 3857; baseline 0.007 -19"><span class='ocrx_word' id='word_1_456' title='bbox 1365 3798 1537 3857; x_wconf 86' lang='lat' dir='ltr'><strong>ptum.</strong></span> <span class='ocrx_word' id='word_1_457' title='bbox 1566 3786 1671 3841; x_wconf 83' lang='lat' dir='ltr'><strong>En.</strong></span> 
     </span>
    </p>

    <p class='ocr_par' dir='ltr' id='par_1_16' title="bbox 1366 3864 2391 4098">
     <span class='ocr_line' id='line_1_79' title="bbox 1452 3864 2385 3940; baseline 0.002 -23"><span class='ocrx_word' id='word_1_458' title='bbox 1452 3884 1537 3918; x_wconf 84' lang='grc' dir='ltr'><strong>ιο.</strong></span> <span class='ocrx_word' id='word_1_459' title='bbox 1574 3864 1863 3940; x_wconf 74' lang='lat' dir='ltr'><strong>Cuicumque</strong></span> <span class='ocrx_word' id='word_1_460' title='bbox 1886 3872 2033 3938; x_wconf 76' lang='lat' dir='ltr'><strong>operi.</strong></span> <span class='ocrx_word' id='word_1_461' title='bbox 2086 3868 2213 3923; x_wconf 70' lang='lat' dir='ltr'><strong>Hac</strong></span> <span class='ocrx_word' id='word_1_462' title='bbox 2241 3864 2385 3939; x_wconf 84' lang='lat' dir='ltr'><strong>apud</strong></span> 
     </span>
     <span class='ocr_line' id='line_1_80' title="bbox 1366 3943 2384 4019; baseline 0.001 -23"><span class='ocrx_word' id='word_1_463' title='bbox 1366 3943 1640 4015; x_wconf 85' lang='lat' dir='ltr'><strong>Theophr.</strong></span> <span class='ocrx_word' id='word_1_464' title='bbox 1690 3944 1825 3999; x_wconf 77' lang='lat' dir='ltr'><strong>Hist.</strong></span> <span class='ocrx_word' id='word_1_465' title='bbox 1872 3946 1966 4001; x_wconf 77' lang='lat' dir='ltr'><strong>lib,</strong></span> <span class='ocrx_word' id='word_1_466' title='bbox 2010 3948 2082 4013; x_wconf 81' lang='lat' dir='ltr'><strong>V,</strong></span> <span class='ocrx_word' id='word_1_467' title='bbox 2130 3966 2245 4019; x_wconf 83' lang='lat' dir='ltr'><strong>cap.</strong></span> <span class='ocrx_word' id='word_1_468' title='bbox 2289 3966 2321 4017; x_wconf 90' lang='lat'>7</span> <span class='ocrx_word' id='word_1_469' title='bbox 2372 3964 2384 3997; x_wconf 74' lang='grc' dir='ltr'><strong>ε</strong></span> 
     </span>
     <span class='ocr_line' id='line_1_81' title="bbox 1367 4020 2391 4098; baseline 0.004 -22"><span class='ocrx_word' id='word_1_470' title='bbox 1367 4025 1653 4093; x_wconf 72' lang='grc' dir='ltr'><strong>Βὸκαμπτα</strong></span> <span class='ocrx_word' id='word_1_471' title='bbox 1678 4020 1765 4089; x_wconf 65' lang='grc' dir='ltr'><strong>ὃὸ,</strong></span> <span class='ocrx_word' id='word_1_472' title='bbox 1794 4028 1857 4087; x_wconf 70' lang='grc' dir='ltr'><strong>ὣς</strong></span> <span class='ocrx_word' id='word_1_473' title='bbox 1888 4028 1975 4098; x_wconf 72' lang='grc' dir='ltr'><strong>μὲν</strong></span> <span class='ocrx_word' id='word_1_474' title='bbox 2008 4028 2176 4088; x_wconf 78' lang='grc' dir='ltr'>ἁπλῶς</span> <span class='ocrx_word' id='word_1_475' title='bbox 2202 4028 2354 4080; x_wconf 71' lang='grc' dir='ltr'>εἰπεῖν</span> <span class='ocrx_word' id='word_1_476' title='bbox 2373 4062 2391 4089; x_wconf 85' lang='grc'><strong><em>,</em></strong></span> 
     </span>
    </p>
   </div>
   <div class='ocr_carea' id='block_1_11' title="bbox 2050 4106 2185 4192">
    <p class='ocr_par' dir='ltr' id='par_1_17' title="bbox 2050 4106 2185 4192">
     <span class='ocr_line' id='line_1_82' title="bbox 2050 4106 2185 4192; baseline 0 0"><span class='ocrx_word' id='word_1_477' title='bbox 2050 4106 2185 4192; x_wconf 78' lang='lat'><strong>40²</strong></span> 
     </span>
    </p>
   </div>
  </div>
 </body>
</html>
