<?xml version="1.0" encoding="UTF-8"?>
<!DOCTYPE html PUBLIC "-//W3C//DTD XHTML 1.0 Transitional//EN"
    "http://www.w3.org/TR/xhtml1/DTD/xhtml1-transitional.dtd">
<html xmlns="http://www.w3.org/1999/xhtml" xml:lang="en" lang="en">
 <head>
  <title>
</title>
<meta http-equiv="Content-Type" content="text/html;charset=utf-8" />
  <meta name='ocr-system' content='tesseract 3.04.00' />
  <meta name='ocr-capabilities' content='ocr_page ocr_carea ocr_par ocr_line ocrx_word'/>
</head>
<body>
  <div class='ocr_page' id='page_1' title='image "./historiaenatura00delagoog_0356.png"; bbox 0 0 2850 4684; ppageno 0'>
   <div class='ocr_carea' id='block_1_1' title="bbox 991 337 2452 481">
    <p class='ocr_par' dir='ltr' id='par_1_1' title="bbox 991 337 2452 481">
     <span class='ocr_line' id='line_1_1' title="bbox 991 337 2452 481; baseline 0 -15"><span class='ocrx_word' id='word_1_1' title='bbox 991 391 1305 467; x_wconf 63' lang='lat' dir='ltr'>Lmen</span> <span class='ocrx_word' id='word_1_2' title='bbox 1354 397 1562 466; x_wconf 85' lang='lat' dir='ltr'><strong>x1v.</strong></span> <span class='ocrx_word' id='word_1_3' title='bbox 2155 393 2343 481; x_wconf 67' lang='lat'>³45</span> <span class='ocrx_word' id='word_1_4' title='bbox 2449 337 2452 342; x_wconf 31' lang='lat'>¹</span> 
     </span>
    </p>
   </div>
   <div class='ocr_carea' id='block_1_2' title="bbox 222 526 2418 1397">
    <p class='ocr_par' dir='ltr' id='par_1_2' title="bbox 222 526 2351 914">
     <span class='ocr_line' id='line_1_2' title="bbox 222 526 2346 624; baseline -0 -27"><span class='ocrx_word' id='word_1_5' title='bbox 222 552 415 612; x_wconf 88' lang='lat' dir='ltr'>mno,</span> <span class='ocrx_word' id='word_1_6' title='bbox 444 551 673 613; x_wconf 86' lang='lat' dir='ltr'>asaro,</span> <span class='ocrx_word' id='word_1_7' title='bbox 712 526 927 597; x_wconf 87' lang='lat' dir='ltr'>dauco</span> <span class='ocrx_word' id='word_1_8' title='bbox 946 580 965 615; x_wconf 96' lang='lat'>,</span> <span class='ocrx_word' id='word_1_9' title='bbox 1005 527 1403 624; x_wconf 80' lang='lat' dir='ltr'><strong>elelisphaco</strong></span> <span class='ocrx_word' id='word_1_10' title='bbox 1422 582 1444 615; x_wconf 91' lang='lat'>,</span> <span class='ocrx_word' id='word_1_11' title='bbox 1481 550 1732 622; x_wconf 81' lang='lat' dir='ltr'>panace</span> <span class='ocrx_word' id='word_1_12' title='bbox 1751 579 1771 612; x_wconf 93' lang='lat'>,</span> <span class='ocrx_word' id='word_1_13' title='bbox 1805 549 2040 612; x_wconf 86' lang='lat' dir='ltr'>acor0,</span> <span class='ocrx_word' id='word_1_14' title='bbox 2067 551 2346 622; x_wconf 79' lang='lat' dir='ltr'>conyza,</span> 
     </span>
     <span class='ocr_line' id='line_1_3' title="bbox 224 632 2351 729; baseline 0 -27"><span class='ocrx_word' id='word_1_15' title='bbox 224 635 493 727; x_wconf 85' lang='lat' dir='ltr'>thymo,</span> <span class='ocrx_word' id='word_1_16' title='bbox 529 632 970 727; x_wconf 80' lang='lat' dir='ltr'>mandragora</span> <span class='ocrx_word' id='word_1_17' title='bbox 991 688 1010 721; x_wconf 94' lang='lat'>,</span> <span class='ocrx_word' id='word_1_18' title='bbox 1067 635 1291 729; x_wconf 85' lang='lat' dir='ltr'>jun-co.</span> <span class='ocrx_word' id='word_1_19' title='bbox 1342 637 1693 704; x_wconf 82' lang='lat' dir='ltr'>Vocarunt</span> <span class='ocrx_word' id='word_1_20' title='bbox 1739 648 1806 702; x_wconf 85' lang='lat' dir='ltr'>et</span> <span class='ocrx_word' id='word_1_21' title='bbox 1865 633 2197 726; x_wconf 82' lang='lat' dir='ltr'>scyzinum</span> <span class='ocrx_word' id='word_1_22' title='bbox 2217 687 2234 718; x_wconf 91' lang='lat'>,</span> <span class='ocrx_word' id='word_1_23' title='bbox 2283 648 2351 702; x_wconf 91' lang='lat' dir='ltr'>et</span> 
     </span>
     <span class='ocr_line' id='line_1_4' title="bbox 224 737 2349 844; baseline 0.001 -38"><span class='ocrx_word' id='word_1_24' title='bbox 224 738 607 824; x_wconf 68' lang='lat' dir='ltr'>itaeomelin,</span> <span class='ocrx_word' id='word_1_25' title='bbox 648 753 717 808; x_wconf 90' lang='lat' dir='ltr'>et</span> <span class='ocrx_word' id='word_1_26' title='bbox 752 737 1297 835; x_wconf 85' lang='lat' dir='ltr'>lectisphagiten,</span> <span class='ocrx_word' id='word_1_27' title='bbox 1338 764 1622 834; x_wconf 91' lang='lat' dir='ltr'>quorum</span> <span class='ocrx_word' id='word_1_28' title='bbox 1670 740 1804 844; x_wconf 81' lang='lat' dir='ltr'>jam</span> <span class='ocrx_word' id='word_1_29' title='bbox 1846 738 2191 808; x_wconf 87' lang='lat' dir='ltr'>obliterata</span> <span class='ocrx_word' id='word_1_30' title='bbox 2238 764 2349 808; x_wconf 87' lang='lat' dir='ltr'>ra·</span> 
     </span>
     <span class='ocr_line' id='line_1_5' title="bbox 224 847 479 915; baseline 0 -1"><span class='ocrx_word' id='word_1_31' title='bbox 224 847 320 914; x_wconf 86' lang='lat' dir='ltr'>tio</span> <span class='ocrx_word' id='word_1_32' title='bbox 359 859 479 915; x_wconf 82' lang='lat' dir='ltr'>est.</span> 
     </span>
    </p>

    <p class='ocr_par' dir='ltr' id='par_1_3' title="bbox 224 949 2418 1363">
     <span class='ocr_line' id='line_1_6' title="bbox 332 949 2418 1079; baseline 0.002 -60"><span class='ocrx_word' id='word_1_33' title='bbox 332 953 421 1019; x_wconf 90' lang='lat' dir='ltr'>Et</span> <span class='ocrx_word' id='word_1_34' title='bbox 446 950 761 1020; x_wconf 81' lang='lat' dir='ltr'><strong>fruticum</strong></span> <span class='ocrx_word' id='word_1_35' title='bbox 793 975 953 1020; x_wconf 84' lang='lat' dir='ltr'>vero</span> <span class='ocrx_word' id='word_1_36' title='bbox 980 977 1019 1020; x_wconf 88' lang='lat' dir='ltr'>e</span> <span class='ocrx_word' id='word_1_37' title='bbox 1040 976 1321 1045; x_wconf 85' lang='lat' dir='ltr'>genere,</span> <span class='ocrx_word' id='word_1_38' title='bbox 1362 949 1542 1020; x_wconf 84' lang='lat' dir='ltr'>cedri</span> <span class='ocrx_word' id='word_1_39' title='bbox 1571 951 1912 1044; x_wconf 86' lang='lat' dir='ltr'>utriusque</span> <span class='ocrx_word' id='word_1_40' title='bbox 1981 953 2347 1079; x_wconf 37' lang='lat' dir='ltr'>&amp;cupressss</span> <span class='ocrx_word' id='word_1_41' title='bbox 2386 974 2418 1024; x_wconf 88' lang='grc'><strong>9</strong></span> 
     </span>
     <span class='ocr_line' id='line_1_7' title="bbox 225 1040 2354 1151; baseline 0.001 -28"><span class='ocrx_word' id='word_1_42' title='bbox 225 1054 547 1143; x_wconf 88' lang='lat' dir='ltr'>laurus,</span> <span class='ocrx_word' id='word_1_43' title='bbox 524 1058 847 1151; x_wconf 70' lang='lat' dir='ltr'>juniperi,</span> <span class='ocrx_word' id='word_1_44' title='bbox 892 1057 1291 1142; x_wconf 83' lang='lat' dir='ltr'>terebinthi,</span> <span class='ocrx_word' id='word_1_45' title='bbox 1330 1057 1399 1124; x_wconf 91' lang='lat' dir='ltr'>in</span> <span class='ocrx_word' id='word_1_46' title='bbox 1450 1055 1669 1126; x_wconf 83' lang='lat' dir='ltr'>Gallia</span> <span class='ocrx_word' id='word_1_47' title='bbox 1710 1040 2032 1125; x_wconf 82' lang='lat' dir='ltr'>lentisci⁶⁵</span> <span class='ocrx_word' id='word_1_48' title='bbox 2046 1055 2354 1141; x_wconf 81' lang='lat' dir='ltr'>,baccas</span> 
     </span>
     <span class='ocr_line' id='line_1_8' title="bbox 224 1148 2355 1256; baseline 0.001 -26"><span class='ocrx_word' id='word_1_49' title='bbox 224 1177 343 1232; x_wconf 88' lang='lat' dir='ltr'>aut</span> <span class='ocrx_word' id='word_1_50' title='bbox 389 1161 639 1256; x_wconf 83' lang='lat' dir='ltr'>lignum</span> <span class='ocrx_word' id='word_1_51' title='bbox 694 1187 923 1232; x_wconf 89' lang='lat' dir='ltr'>recens</span> <span class='ocrx_word' id='word_1_52' title='bbox 964 1178 1185 1232; x_wconf 90' lang='lat' dir='ltr'>musto</span> <span class='ocrx_word' id='word_1_53' title='bbox 1221 1163 1628 1256; x_wconf 88' lang='lat' dir='ltr'>decoquunt.</span> <span class='ocrx_word' id='word_1_54' title='bbox 1668 1148 1904 1230; x_wconf 79' lang='lat' dir='ltr'>Item⁶⁶</span> <span class='ocrx_word' id='word_1_55' title='bbox 1945 1161 2315 1232; x_wconf 78' lang='lat' dir='ltr'>chamelaeae</span> <span class='ocrx_word' id='word_1_56' title='bbox 2335 1216 2355 1249; x_wconf 94' lang='lat'>,</span> 
     </span>
     <span class='ocr_line' id='line_1_9' title="bbox 226 1267 2358 1397; baseline 0.001 -61"><span class='ocrx_word' id='word_1_57' title='bbox 226 1282 295 1336; x_wconf 89' lang='lat' dir='ltr'>et</span> <span class='ocrx_word' id='word_1_58' title='bbox 324 1267 831 1397; x_wconf 80' lang='lat' dir='ltr'>chamaepityos‘,</span> <span class='ocrx_word' id='word_1_59' title='bbox 864 1281 931 1338; x_wconf 88' lang='lat' dir='ltr'>et</span> <span class='ocrx_word' id='word_1_60' title='bbox 969 1267 1419 1362; x_wconf 82' lang='lat' dir='ltr'>chamaedryos</span> <span class='ocrx_word' id='word_1_61' title='bbox 1459 1267 1708 1361; x_wconf 83' lang='lat' dir='ltr'>lignum</span> <span class='ocrx_word' id='word_1_62' title='bbox 1755 1267 1984 1338; x_wconf 89' lang='lat' dir='ltr'>eodem</span> <span class='ocrx_word' id='word_1_63' title='bbox 2031 1267 2262 1354; x_wconf 91' lang='lat' dir='ltr'>modo,</span> <span class='ocrx_word' id='word_1_64' title='bbox 2289 1283 2358 1338; x_wconf 87' lang='lat' dir='ltr'>et</span> 
     </span>
    </p>
   </div>
   <div class='ocr_carea' id='block_1_3' title="bbox 1923 935 1978 980">
    <p class='ocr_par' dir='ltr' id='par_1_4' title="bbox 1923 935 1978 980">
     <span class='ocr_line' id='line_1_10' title="bbox 1923 935 1978 980; baseline 0 -6"><span class='ocrx_word' id='word_1_65' title='bbox 1923 935 1978 980; x_wconf 99' lang='grc'>64</span> 
     </span>
    </p>
   </div>
   <div class='ocr_carea' id='block_1_4' title="bbox 224 1358 2358 1503">
    <p class='ocr_par' dir='ltr' id='par_1_5' title="bbox 224 1358 2358 1503">
     <span class='ocr_line' id='line_1_11' title="bbox 224 1358 2358 1503; baseline 0 -61"><span class='ocrx_word' id='word_1_66' title='bbox 224 1397 309 1442; x_wconf 80' lang='lat' dir='ltr'>ex</span> <span class='ocrx_word' id='word_1_67' title='bbox 334 1373 522 1503; x_wconf 73' lang='lat' dir='ltr'>flore8</span> <span class='ocrx_word' id='word_1_68' title='bbox 521 1358 598 1460; x_wconf 83' lang='lat'>⁶⁷,</span> <span class='ocrx_word' id='word_1_69' title='bbox 626 1375 695 1442; x_wconf 89' lang='lat' dir='ltr'>in</span> <span class='ocrx_word' id='word_1_70' title='bbox 728 1377 1038 1469; x_wconf 83' lang='lat' dir='ltr'>congium</span> <span class='ocrx_word' id='word_1_71' title='bbox 1084 1377 1283 1444; x_wconf 88' lang='lat' dir='ltr'>musti</span> <span class='ocrx_word' id='word_1_72' title='bbox 1328 1374 1556 1444; x_wconf 89' lang='lat' dir='ltr'>decem</span> <span class='ocrx_word' id='word_1_73' title='bbox 1598 1373 2021 1444; x_wconf 86' lang='lat' dir='ltr'>denariorum</span> <span class='ocrx_word' id='word_1_74' title='bbox 2065 1373 2358 1470; x_wconf 87' lang='lat' dir='ltr'>pondere</span> 
     </span>
    </p>
   </div>
   <div class='ocr_carea' id='block_1_5' title="bbox 224 1464 540 1548">
    <p class='ocr_par' dir='ltr' id='par_1_6' title="bbox 224 1464 540 1548">
     <span class='ocr_line' id='line_1_12' title="bbox 224 1464 540 1548; baseline 0 0"><span class='ocrx_word' id='word_1_75' title='bbox 224 1464 522 1548; x_wconf 80' lang='lat' dir='ltr'>addito⁶⁸</span> <span class='ocrx_word' id='word_1_76' title='bbox 525 1531 540 1547; x_wconf 91' lang='lat'><strong>.</strong></span> 
     </span>
    </p>
   </div>
   <div class='ocr_carea' id='block_1_6' title="bbox 223 1693 1263 4051">
    <p class='ocr_par' dir='ltr' id='par_1_7' title="bbox 224 1693 1245 1844">
     <span class='ocr_line' id='line_1_13' title="bbox 224 1693 1245 1768; baseline 0.006 -22"><span class='ocrx_word' id='word_1_77' title='bbox 224 1693 536 1765; x_wconf 57' lang='lat' dir='ltr'>iniquita,</span> <span class='ocrx_word' id='word_1_78' title='bbox 572 1713 619 1748; x_wconf 86' lang='lat' dir='ltr'>c.</span> <span class='ocrx_word' id='word_1_79' title='bbox 666 1693 772 1766; x_wconf 77' lang='lat'>593</span> <span class='ocrx_word' id='word_1_80' title='bbox 801 1695 1245 1768; x_wconf 72' lang='lat' dir='ltr'>Mandragoriten,</span> 
     </span>
     <span class='ocr_line' id='line_1_14' title="bbox 226 1775 681 1844; baseline 0.004 -18"><span class='ocrx_word' id='word_1_81' title='bbox 226 1791 343 1844; x_wconf 83' lang='lat' dir='ltr'>cap.</span> <span class='ocrx_word' id='word_1_82' title='bbox 376 1777 469 1828; x_wconf 86' lang='lat'>81.</span> <span class='ocrx_word' id='word_1_83' title='bbox 499 1775 681 1828; x_wconf 71' lang='lat' dir='ltr'>Hann.</span> 
     </span>
    </p>

    <p class='ocr_par' dir='ltr' id='par_1_8' title="bbox 223 1853 1263 3273">
     <span class='ocr_line' id='line_1_15' title="bbox 307 1853 1250 1927; baseline 0.001 -20"><span class='ocrx_word' id='word_1_84' title='bbox 307 1857 401 1916; x_wconf 69' lang='lat'>64-</span> <span class='ocrx_word' id='word_1_85' title='bbox 433 1853 583 1907; x_wconf 75' lang='lat' dir='ltr'>Cede-i</span> <span class='ocrx_word' id='word_1_86' title='bbox 611 1856 867 1926; x_wconf 81' lang='lat' dir='ltr'>utriusque.</span> <span class='ocrx_word' id='word_1_87' title='bbox 907 1856 958 1909; x_wconf 87' lang='grc' dir='ltr'><strong>Ν</strong></span> <span class='ocrx_word' id='word_1_88' title='bbox 960 1856 1250 1927; x_wconf 77' lang='lat' dir='ltr'>egligenter</span> 
     </span>
     <span class='ocr_line' id='line_1_16' title="bbox 226 1931 1250 2005; baseline 0.004 -21"><span class='ocrx_word' id='word_1_89' title='bbox 226 1931 429 1985; x_wconf 74' lang='lat' dir='ltr'>Plinius</span> <span class='ocrx_word' id='word_1_90' title='bbox 450 1931 519 1986; x_wconf 87' lang='lat' dir='ltr'>de</span> <span class='ocrx_word' id='word_1_91' title='bbox 548 1947 769 2005; x_wconf 84' lang='lat' dir='ltr'>utraque</span> <span class='ocrx_word' id='word_1_92' title='bbox 784 1933 946 1988; x_wconf 84' lang='lat' dir='ltr'>cedro</span> <span class='ocrx_word' id='word_1_93' title='bbox 967 1934 1024 1988; x_wconf 87' lang='lat' dir='ltr'>id</span> <span class='ocrx_word' id='word_1_94' title='bbox 1042 1935 1250 1998; x_wconf 77' lang='lat' dir='ltr'>scribit,</span> 
     </span>
     <span class='ocr_line' id='line_1_17' title="bbox 224 2010 1253 2086; baseline 0.003 -23"><span class='ocrx_word' id='word_1_95' title='bbox 224 2029 397 2082; x_wconf 83' lang='lat' dir='ltr'>quum</span> <span class='ocrx_word' id='word_1_96' title='bbox 456 2010 525 2066; x_wconf 84' lang='lat' dir='ltr'>de</span> <span class='ocrx_word' id='word_1_97' title='bbox 586 2012 806 2067; x_wconf 84' lang='lat' dir='ltr'>cedrino</span> <span class='ocrx_word' id='word_1_98' title='bbox 870 2032 935 2067; x_wconf 88' lang='lat' dir='ltr'>ex</span> <span class='ocrx_word' id='word_1_99' title='bbox 998 2015 1253 2086; x_wconf 80' lang='lat' dir='ltr'>oxycedri</span> 
     </span>
     <span class='ocr_line' id='line_1_18' title="bbox 223 2091 1254 2166; baseline 0.005 -23"><span class='ocrx_word' id='word_1_100' title='bbox 223 2091 405 2145; x_wconf 70' lang='lat' dir='ltr'>baccis</span> <span class='ocrx_word' id='word_1_101' title='bbox 424 2105 609 2162; x_wconf 84' lang='lat' dir='ltr'>parato</span> <span class='ocrx_word' id='word_1_102' title='bbox 623 2130 641 2157; x_wconf 89' lang='lat'>,</span> <span class='ocrx_word' id='word_1_103' title='bbox 664 2105 719 2146; x_wconf 87' lang='lat' dir='ltr'>et</span> <span class='ocrx_word' id='word_1_104' title='bbox 740 2091 943 2146; x_wconf 86' lang='lat' dir='ltr'>cedrite</span> <span class='ocrx_word' id='word_1_105' title='bbox 968 2112 1033 2147; x_wconf 86' lang='lat' dir='ltr'>ex</span> <span class='ocrx_word' id='word_1_106' title='bbox 1056 2093 1254 2166; x_wconf 82' lang='lat' dir='ltr'>cedrya</span> 
     </span>
     <span class='ocr_line' id='line_1_19' title="bbox 226 2169 1251 2235; baseline 0.004 -12"><span class='ocrx_word' id='word_1_107' title='bbox 226 2171 473 2225; x_wconf 82' lang='lat' dir='ltr'>confecto</span> <span class='ocrx_word' id='word_1_108' title='bbox 488 2209 504 2235; x_wconf 90' lang='lat'>,</span> <span class='ocrx_word' id='word_1_109' title='bbox 530 2169 591 2224; x_wconf 84' lang='lat' dir='ltr'>id</span> <span class='ocrx_word' id='word_1_110' title='bbox 617 2172 813 2226; x_wconf 78' lang='lat' dir='ltr'>scribat</span> <span class='ocrx_word' id='word_1_111' title='bbox 837 2173 1015 2226; x_wconf 87' lang='lat' dir='ltr'>Diosc.</span> <span class='ocrx_word' id='word_1_112' title='bbox 1047 2175 1251 2227; x_wconf 69' lang='lat' dir='ltr'>Dunc.</span> 
     </span>
     <span class='ocr_line' id='line_1_20' title="bbox 232 2249 1252 2324; baseline 0.002 -22"><span class='ocrx_word' id='word_1_113' title='bbox 232 2279 311 2292; x_wconf 89' lang='lat'>-—</span> <span class='ocrx_word' id='word_1_114' title='bbox 358 2249 507 2302; x_wconf 74' lang='lat' dir='ltr'>Codri</span> <span class='ocrx_word' id='word_1_115' title='bbox 542 2255 798 2323; x_wconf 78' lang='lat' dir='ltr'>utriusque.</span> <span class='ocrx_word' id='word_1_116' title='bbox 838 2251 1063 2306; x_wconf 70' lang='lat' dir='ltr'>Minoris</span> <span class='ocrx_word' id='word_1_117' title='bbox 1079 2291 1095 2317; x_wconf 89' lang='lat'>,</span> <span class='ocrx_word' id='word_1_118' title='bbox 1133 2254 1252 2324; x_wconf 89' lang='lat' dir='ltr'>opi·</span> 
     </span>
     <span class='ocr_line' id='line_1_21' title="bbox 230 2331 1257 2401; baseline 0.004 -20"><span class='ocrx_word' id='word_1_119' title='bbox 230 2347 334 2381; x_wconf 85' lang='lat' dir='ltr'>nor</span> <span class='ocrx_word' id='word_1_120' title='bbox 352 2369 369 2392; x_wconf 88' lang='lat'>‚</span> <span class='ocrx_word' id='word_1_121' title='bbox 403 2348 521 2401; x_wconf 68' lang='lat' dir='ltr'>qno</span> <span class='ocrx_word' id='word_1_122' title='bbox 560 2331 699 2384; x_wconf 85' lang='lat' dir='ltr'>inter</span> <span class='ocrx_word' id='word_1_123' title='bbox 722 2331 969 2392; x_wconf 78' lang='lat' dir='ltr'>frutices:</span> <span class='ocrx_word' id='word_1_124' title='bbox 995 2351 1105 2384; x_wconf 91' lang='lat' dir='ltr'>non</span> <span class='ocrx_word' id='word_1_125' title='bbox 1143 2351 1257 2385; x_wconf 84' lang='lat' dir='ltr'>ma-</span> 
     </span>
     <span class='ocr_line' id='line_1_22' title="bbox 226 2409 1257 2479; baseline 0.003 -19"><span class='ocrx_word' id='word_1_126' title='bbox 226 2409 386 2478; x_wconf 80' lang='lat' dir='ltr'>joris,</span> <span class='ocrx_word' id='word_1_127' title='bbox 427 2426 546 2479; x_wconf 71' lang='lat' dir='ltr'>quoe</span> <span class='ocrx_word' id='word_1_128' title='bbox 578 2409 721 2463; x_wconf 86' lang='lat' dir='ltr'>inter</span> <span class='ocrx_word' id='word_1_129' title='bbox 754 2410 971 2463; x_wconf 73' lang='lat' dir='ltr'>arborea</span> <span class='ocrx_word' id='word_1_130' title='bbox 1002 2429 1257 2464; x_wconf 85' lang='lat' dir='ltr'>annume-</span> 
     </span>
     <span class='ocr_line' id='line_1_23' title="bbox 228 2485 1259 2544; baseline 0.003 -4"><span class='ocrx_word' id='word_1_131' title='bbox 228 2488 339 2540; x_wconf 85' lang='lat' dir='ltr'>rari</span> <span class='ocrx_word' id='word_1_132' title='bbox 358 2485 537 2541; x_wconf 82' lang='lat' dir='ltr'>debet.</span> <span class='ocrx_word' id='word_1_133' title='bbox 560 2489 695 2542; x_wconf 83' lang='lat' dir='ltr'>Sunt</span> <span class='ocrx_word' id='word_1_134' title='bbox 714 2501 890 2542; x_wconf 84' lang='lat' dir='ltr'>autem</span> <span class='ocrx_word' id='word_1_135' title='bbox 910 2487 1021 2542; x_wconf 89' lang='lat' dir='ltr'>duo</span> <span class='ocrx_word' id='word_1_136' title='bbox 1038 2489 1259 2544; x_wconf 74' lang='lat' dir='ltr'>minoris</span> 
     </span>
     <span class='ocr_line' id='line_1_24' title="bbox 230 2565 1255 2638; baseline 0.002 -19"><span class='ocrx_word' id='word_1_137' title='bbox 230 2565 381 2619; x_wconf 82' lang='lat' dir='ltr'>cedri</span> <span class='ocrx_word' id='word_1_138' title='bbox 426 2585 655 2638; x_wconf 66' lang='lat' dir='ltr'>genera,</span> <span class='ocrx_word' id='word_1_139' title='bbox 694 2581 755 2622; x_wconf 88' lang='lat' dir='ltr'>ut</span> <span class='ocrx_word' id='word_1_140' title='bbox 794 2568 995 2622; x_wconf 86' lang='lat' dir='ltr'>dictum</span> <span class='ocrx_word' id='word_1_141' title='bbox 1022 2583 1115 2622; x_wconf 74' lang='lat' dir='ltr'>&#39;est</span> <span class='ocrx_word' id='word_1_142' title='bbox 1158 2570 1255 2622; x_wconf 87' lang='lat' dir='ltr'>lib.</span> 
     </span>
     <span class='ocr_line' id='line_1_25' title="bbox 230 2646 1258 2718; baseline 0.002 -20"><span class='ocrx_word' id='word_1_143' title='bbox 230 2646 403 2712; x_wconf 79' lang='lat' dir='ltr'>Xlss,</span> <span class='ocrx_word' id='word_1_144' title='bbox 440 2664 561 2718; x_wconf 87' lang='lat' dir='ltr'>cap.</span> <span class='ocrx_word' id='word_1_145' title='bbox 616 2665 639 2700; x_wconf 78' lang='grc' dir='ltr'><strong>ι</strong></span> <span class='ocrx_word' id='word_1_146' title='bbox 658 2665 680 2699; x_wconf 86' lang='lat'>1</span> <span class='ocrx_word' id='word_1_147' title='bbox 704 2685 720 2714; x_wconf 87' lang='lat'>,</span> <span class='ocrx_word' id='word_1_148' title='bbox 748 2648 973 2718; x_wconf 80' lang='lat' dir='ltr'>Lycium</span> <span class='ocrx_word' id='word_1_149' title='bbox 991 2687 1007 2713; x_wconf 91' lang='lat'>,</span> <span class='ocrx_word' id='word_1_150' title='bbox 1045 2648 1258 2701; x_wconf 70' lang='lat' dir='ltr'>Pha-i-</span> 
     </span>
     <span class='ocr_line' id='line_1_26' title="bbox 232 2725 1259 2798; baseline 0.004 -22"><span class='ocrx_word' id='word_1_151' title='bbox 232 2725 505 2796; x_wconf 85' lang='lat' dir='ltr'>ciumqne.</span> <span class='ocrx_word' id='word_1_152' title='bbox 560 2726 879 2798; x_wconf 75' lang='lat' dir='ltr'>Quanquam</span> <span class='ocrx_word' id='word_1_153' title='bbox 936 2740 991 2780; x_wconf 90' lang='lat' dir='ltr'>et</span> <span class='ocrx_word' id='word_1_154' title='bbox 1036 2726 1259 2780; x_wconf 80' lang='lat' dir='ltr'>cedritee</span> 
     </span>
     <span class='ocr_line' id='line_1_27' title="bbox 230 2803 1257 2877; baseline 0.002 -21"><span class='ocrx_word' id='word_1_155' title='bbox 230 2803 343 2856; x_wconf 79' lang='lat' dir='ltr'>vini</span> <span class='ocrx_word' id='word_1_156' title='bbox 382 2823 547 2874; x_wconf 70' lang='lat' dir='ltr'>genua</span> <span class='ocrx_word' id='word_1_157' title='bbox 571 2824 604 2857; x_wconf 83' lang='lat' dir='ltr'>e</span> <span class='ocrx_word' id='word_1_158' title='bbox 641 2807 855 2877; x_wconf 73' lang='lat' dir='ltr'>majoris</span> <span class='ocrx_word' id='word_1_159' title='bbox 888 2804 1034 2859; x_wconf 84' lang='lat' dir='ltr'>cedri</span> <span class='ocrx_word' id='word_1_160' title='bbox 1076 2808 1257 2860; x_wconf 80' lang='lat' dir='ltr'>fructu</span> 
     </span>
     <span class='ocr_line' id='line_1_28' title="bbox 228 2880 1259 2959; baseline 0.002 -23"><span class='ocrx_word' id='word_1_161' title='bbox 228 2880 415 2936; x_wconf 78' lang='lat' dir='ltr'>laudat</span> <span class='ocrx_word' id='word_1_162' title='bbox 444 2884 620 2938; x_wconf 76' lang='lat' dir='ltr'>Dicae.</span> <span class='ocrx_word' id='word_1_163' title='bbox 644 2885 741 2938; x_wconf 77' lang='lat' dir='ltr'>lib.</span> <span class='ocrx_word' id='word_1_164' title='bbox 775 2887 848 2950; x_wconf 83' lang='lat' dir='ltr'>V,</span> <span class='ocrx_word' id='word_1_165' title='bbox 875 2905 992 2959; x_wconf 87' lang='lat' dir='ltr'>cap.</span> <span class='ocrx_word' id='word_1_166' title='bbox 1027 2886 1096 2949; x_wconf 74' lang='lat'>45</span> <span class='ocrx_word' id='word_1_167' title='bbox 1118 2925 1133 2950; x_wconf 90' lang='lat'>‚</span> <span class='ocrx_word' id='word_1_168' title='bbox 1164 2885 1259 2938; x_wconf 84' lang='lat' dir='ltr'>ubi</span> 
     </span>
     <span class='ocr_line' id='line_1_29' title="bbox 230 2964 1259 3036; baseline 0.002 -21"><span class='ocrx_word' id='word_1_169' title='bbox 230 2975 287 3016; x_wconf 82' lang='lat' dir='ltr'>ct</span> <span class='ocrx_word' id='word_1_170' title='bbox 314 2964 680 3033; x_wconf 72' lang='lat' dir='ltr'>cupressinum</span> <span class='ocrx_word' id='word_1_171' title='bbox 706 2965 1031 3036; x_wconf 76' lang='lat' dir='ltr'>explicatur,</span> <span class='ocrx_word' id='word_1_172' title='bbox 1058 2983 1121 3018; x_wconf 87' lang='lat' dir='ltr'>ac</span> <span class='ocrx_word' id='word_1_173' title='bbox 1146 2966 1259 3018; x_wconf 85' lang='lat' dir='ltr'>lau-</span> 
     </span>
     <span class='ocr_line' id='line_1_30' title="bbox 230 3043 1263 3116; baseline 0.001 -22"><span class='ocrx_word' id='word_1_174' title='bbox 230 3043 433 3094; x_wconf 85' lang='lat' dir='ltr'>rinum.</span> <span class='ocrx_word' id='word_1_175' title='bbox 454 3043 827 3114; x_wconf 69' lang='lat' dir='ltr'>luniperinum</span> <span class='ocrx_word' id='word_1_176' title='bbox 844 3083 861 3110; x_wconf 87' lang='lat'>,</span> <span class='ocrx_word' id='word_1_177' title='bbox 884 3063 999 3116; x_wconf 85' lang='lat' dir='ltr'>cap.</span> <span class='ocrx_word' id='word_1_178' title='bbox 1028 3049 1099 3108; x_wconf 73' lang='lat'>46</span> <span class='ocrx_word' id='word_1_179' title='bbox 1120 3065 1136 3110; x_wconf 73' lang='grc' dir='ltr'>ς</span> <span class='ocrx_word' id='word_1_180' title='bbox 1160 3045 1263 3096; x_wconf 85' lang='lat' dir='ltr'>Te-</span> 
     </span>
     <span class='ocr_line' id='line_1_31' title="bbox 230 3121 1261 3193; baseline 0.003 -19"><span class='ocrx_word' id='word_1_181' title='bbox 230 3121 601 3175; x_wconf 83' lang='lat' dir='ltr'>rebinthinum</span> <span class='ocrx_word' id='word_1_182' title='bbox 624 3159 643 3184; x_wconf 87' lang='lat'>‚</span> <span class='ocrx_word' id='word_1_183' title='bbox 682 3141 800 3192; x_wconf 83' lang='lat' dir='ltr'>cap.</span> <span class='ocrx_word' id='word_1_184' title='bbox 847 3124 965 3193; x_wconf 72' lang='lat'>39:</span> <span class='ocrx_word' id='word_1_185' title='bbox 1004 3123 1261 3177; x_wconf 82' lang='lat' dir='ltr'>Lentisci-</span> 
     </span>
     <span class='ocr_line' id='line_1_32' title="bbox 230 3201 879 3273; baseline 0.003 -19"><span class='ocrx_word' id='word_1_186' title='bbox 230 3219 367 3254; x_wconf 83' lang='lat' dir='ltr'>num</span> <span class='ocrx_word' id='word_1_187' title='bbox 384 3239 401 3264; x_wconf 92' lang='lat'>,</span> <span class='ocrx_word' id='word_1_188' title='bbox 428 3219 547 3273; x_wconf 85' lang='lat' dir='ltr'>cap.</span> <span class='ocrx_word' id='word_1_189' title='bbox 579 3201 673 3255; x_wconf 80' lang='lat'>38.</span> <span class='ocrx_word' id='word_1_190' title='bbox 700 3201 879 3256; x_wconf 69' lang='lat' dir='ltr'>Haut).</span> 
     </span>
    </p>

    <p class='ocr_par' dir='ltr' id='par_1_9' title="bbox 230 3280 1261 4051">
     <span class='ocr_line' id='line_1_33' title="bbox 316 3280 1260 3336; baseline 0.003 -4"><span class='ocrx_word' id='word_1_191' title='bbox 316 3283 412 3333; x_wconf 80' lang='lat'>65.</span> <span class='ocrx_word' id='word_1_192' title='bbox 456 3281 519 3332; x_wconf 76' lang='lat' dir='ltr'>In</span> <span class='ocrx_word' id='word_1_193' title='bbox 551 3280 726 3334; x_wconf 75' lang='lat' dir='ltr'>Gallia</span> <span class='ocrx_word' id='word_1_194' title='bbox 764 3282 963 3335; x_wconf 76' lang='lat' dir='ltr'>lentisci.</span> <span class='ocrx_word' id='word_1_195' title='bbox 1002 3282 1067 3334; x_wconf 85' lang='lat' dir='ltr'>In</span> <span class='ocrx_word' id='word_1_196' title='bbox 1108 3282 1260 3336; x_wconf 78' lang='lat' dir='ltr'>libris</span> 
     </span>
     <span class='ocr_line' id='line_1_34' title="bbox 232 3358 1259 3432; baseline 0.002 -20"><span class='ocrx_word' id='word_1_197' title='bbox 232 3358 401 3412; x_wconf 76' lang='lat' dir='ltr'>hodie</span> <span class='ocrx_word' id='word_1_198' title='bbox 430 3361 784 3432; x_wconf 71' lang='lat' dir='ltr'>pervulgatis,</span> <span class='ocrx_word' id='word_1_199' title='bbox 814 3363 1093 3428; x_wconf 68' lang='lat' dir='ltr'>terebinthi,</span> <span class='ocrx_word' id='word_1_200' title='bbox 1122 3363 1259 3414; x_wconf 75' lang='lat' dir='ltr'>cala-</span> 
     </span>
     <span class='ocr_line' id='line_1_35' title="bbox 234 3440 1260 3511; baseline 0.002 -19"><span class='ocrx_word' id='word_1_201' title='bbox 234 3441 301 3492; x_wconf 69' lang='lat' dir='ltr'>mi</span> <span class='ocrx_word' id='word_1_202' title='bbox 317 3477 335 3505; x_wconf 93' lang='lat'>‚</span> <span class='ocrx_word' id='word_1_203' title='bbox 370 3440 592 3492; x_wconf 76' lang='lat' dir='ltr'>lentisci:</span> <span class='ocrx_word' id='word_1_204' title='bbox 622 3442 775 3511; x_wconf 75' lang='lat' dir='ltr'>cujus</span> <span class='ocrx_word' id='word_1_205' title='bbox 801 3441 1043 3494; x_wconf 70' lang='lat' dir='ltr'>lectionis</span> <span class='ocrx_word' id='word_1_206' title='bbox 1077 3455 1260 3495; x_wconf 81' lang='lat' dir='ltr'>auctor</span> 
     </span>
     <span class='ocr_line' id='line_1_36' title="bbox 234 3517 1259 3590; baseline 0.004 -20"><span class='ocrx_word' id='word_1_207' title='bbox 234 3536 295 3571; x_wconf 86' lang='lat' dir='ltr'>ac</span> <span class='ocrx_word' id='word_1_208' title='bbox 308 3517 559 3590; x_wconf 71' lang='lat' dir='ltr'>princeps</span> <span class='ocrx_word' id='word_1_209' title='bbox 567 3519 775 3572; x_wconf 83' lang='lat' dir='ltr'>Froben</span> <span class='ocrx_word' id='word_1_210' title='bbox 781 3520 863 3572; x_wconf 77' lang='lat' dir='ltr'>ius</span> <span class='ocrx_word' id='word_1_211' title='bbox 877 3519 1091 3586; x_wconf 76' lang='lat' dir='ltr'>exstitit,</span> <span class='ocrx_word' id='word_1_212' title='bbox 1110 3519 1259 3574; x_wconf 81' lang='lat' dir='ltr'>haud</span> 
     </span>
     <span class='ocr_line' id='line_1_37' title="bbox 233 3597 1259 3654; baseline 0.002 -4"><span class='ocrx_word' id='word_1_213' title='bbox 233 3599 357 3650; x_wconf 71' lang='lat' dir='ltr'>tatia</span> <span class='ocrx_word' id='word_1_214' title='bbox 395 3597 729 3651; x_wconf 75' lang='lat' dir='ltr'>considerate</span> <span class='ocrx_word' id='word_1_215' title='bbox 764 3618 779 3652; x_wconf 91' lang='lat'><strong>:</strong></span> <span class='ocrx_word' id='word_1_216' title='bbox 822 3619 946 3652; x_wconf 85' lang='lat' dir='ltr'>nam</span> <span class='ocrx_word' id='word_1_217' title='bbox 984 3617 1015 3651; x_wconf 89' lang='lat' dir='ltr'>e</span> <span class='ocrx_word' id='word_1_218' title='bbox 1058 3601 1259 3654; x_wconf 81' lang='lat' dir='ltr'>calamo</span> 
     </span>
     <span class='ocr_line' id='line_1_38' title="bbox 232 3675 1260 3750; baseline 0.004 -22"><span class='ocrx_word' id='word_1_219' title='bbox 232 3675 351 3730; x_wconf 80' lang='lat' dir='ltr'>fleri</span> <span class='ocrx_word' id='word_1_220' title='bbox 366 3678 547 3730; x_wconf 77' lang='lat' dir='ltr'>vinum</span> <span class='ocrx_word' id='word_1_221' title='bbox 566 3679 869 3732; x_wconf 74' lang='lat' dir='ltr'>aromatites</span> <span class='ocrx_word' id='word_1_222' title='bbox 886 3679 1089 3732; x_wconf 69' lang='lat' dir='ltr'>Plinius</span> <span class='ocrx_word' id='word_1_223' title='bbox 1098 3680 1260 3750; x_wconf 78' lang='lat' dir='ltr'>paulo</span> 
     </span>
     <span class='ocr_line' id='line_1_39' title="bbox 230 3758 1258 3828; baseline 0.001 -19"><span class='ocrx_word' id='word_1_224' title='bbox 230 3769 353 3810; x_wconf 82' lang='lat' dir='ltr'>ante</span> <span class='ocrx_word' id='word_1_225' title='bbox 405 3759 756 3811; x_wconf 86' lang='lat' dir='ltr'>commonuit.</span> <span class='ocrx_word' id='word_1_226' title='bbox 805 3759 869 3811; x_wconf 88' lang='lat' dir='ltr'>In</span> <span class='ocrx_word' id='word_1_227' title='bbox 924 3758 1077 3811; x_wconf 82' lang='lat' dir='ltr'><strong>MSS.</strong></span> <span class='ocrx_word' id='word_1_228' title='bbox 1128 3761 1258 3828; x_wconf 73' lang='lat' dir='ltr'>Reg.</span> 
     </span>
     <span class='ocr_line' id='line_1_40' title="bbox 234 3835 1261 3890; baseline -0.001 -1"><span class='ocrx_word' id='word_1_229' title='bbox 234 3835 385 3889; x_wconf 81' lang='lat' dir='ltr'>colb.</span> <span class='ocrx_word' id='word_1_230' title='bbox 410 3847 468 3889; x_wconf 82' lang='lat' dir='ltr'>et</span> <span class='ocrx_word' id='word_1_231' title='bbox 497 3837 619 3889; x_wconf 87' lang='lat' dir='ltr'>Par.</span> <span class='ocrx_word' id='word_1_232' title='bbox 652 3837 900 3890; x_wconf 73' lang='lat' dir='ltr'>terebinthi</span> <span class='ocrx_word' id='word_1_233' title='bbox 928 3839 1127 3890; x_wconf 70' lang='lat' dir='ltr'>nit-alliu</span> <span class='ocrx_word' id='word_1_234' title='bbox 1156 3839 1261 3888; x_wconf 79' lang='lat' dir='ltr'>len-</span> 
     </span>
     <span class='ocr_line' id='line_1_41' title="bbox 234 3916 1261 3988; baseline 0.002 -20"><span class='ocrx_word' id='word_1_235' title='bbox 234 3918 355 3970; x_wconf 75' lang='lat' dir='ltr'>tisci.</span> <span class='ocrx_word' id='word_1_236' title='bbox 387 3917 762 3988; x_wconf 74' lang='lat' dir='ltr'>Dalecampiua</span> <span class='ocrx_word' id='word_1_237' title='bbox 788 3917 845 3970; x_wconf 85' lang='lat' dir='ltr'>in</span> <span class='ocrx_word' id='word_1_238' title='bbox 870 3937 965 3970; x_wconf 76' lang='lat' dir='ltr'>auo</span> <span class='ocrx_word' id='word_1_239' title='bbox 991 3917 1137 3969; x_wconf 79' lang='lat' dir='ltr'>callia</span> <span class='ocrx_word' id='word_1_240' title='bbox 1158 3916 1261 3986; x_wconf 77' lang='lat' dir='ltr'>legi</span> 
     </span>
     <span class='ocr_line' id='line_1_42' title="bbox 230 3993 1260 4051; baseline 0.002 -5"><span class='ocrx_word' id='word_1_241' title='bbox 230 3993 517 4049; x_wconf 79' lang='lat' dir='ltr'>admonet:</span> <span class='ocrx_word' id='word_1_242' title='bbox 540 3996 643 4049; x_wconf 88' lang='lat' dir='ltr'>hoc</span> <span class='ocrx_word' id='word_1_243' title='bbox 659 4008 861 4050; x_wconf 83' lang='lat' dir='ltr'>tantum</span> <span class='ocrx_word' id='word_1_244' title='bbox 871 4037 883 4050; x_wconf 90' lang='lat'><strong>.</strong></span> <span class='ocrx_word' id='word_1_245' title='bbox 904 3997 1064 4051; x_wconf 83' lang='lat' dir='ltr'>Plane</span> <span class='ocrx_word' id='word_1_246' title='bbox 1081 3997 1260 4049; x_wconf 80' lang='lat' dir='ltr'>favent</span> 
     </span>
    </p>
   </div>
   <div class='ocr_carea' id='block_1_7' title="bbox 1336 1696 2372 4064">
    <p class='ocr_par' dir='ltr' id='par_1_10' title="bbox 1336 1696 2370 3176">
     <span class='ocr_line' id='line_1_43' title="bbox 1338 1696 2361 1769; baseline -0.001 -18"><span class='ocrx_word' id='word_1_247' title='bbox 1338 1696 1698 1751; x_wconf 82' lang='lat' dir='ltr'>emendationi</span> <span class='ocrx_word' id='word_1_248' title='bbox 1715 1710 1912 1752; x_wconf 69' lang='lat' dir='ltr'>nostrai</span> <span class='ocrx_word' id='word_1_249' title='bbox 1933 1697 2149 1769; x_wconf 74' lang='lat' dir='ltr'>vestigia</span> <span class='ocrx_word' id='word_1_250' title='bbox 2170 1697 2361 1751; x_wconf 70' lang='lat' dir='ltr'>veteris</span> 
     </span>
     <span class='ocr_line' id='line_1_44' title="bbox 1337 1775 2360 1848; baseline -0.002 -16"><span class='ocrx_word' id='word_1_251' title='bbox 1337 1778 1613 1848; x_wconf 65' lang='lat' dir='ltr'>scripturo</span> <span class='ocrx_word' id='word_1_252' title='bbox 1629 1813 1645 1839; x_wconf 87' lang='lat'>,</span> <span class='ocrx_word' id='word_1_253' title='bbox 1675 1796 1862 1848; x_wconf 79' lang='lat' dir='ltr'>resque</span> <span class='ocrx_word' id='word_1_254' title='bbox 1884 1775 2019 1831; x_wconf 86' lang='lat' dir='ltr'>adeo</span> <span class='ocrx_word' id='word_1_255' title='bbox 2041 1778 2056 1829; x_wconf 91' lang='lat' dir='ltr'>i</span> <span class='ocrx_word' id='word_1_256' title='bbox 2062 1797 2152 1848; x_wconf 74' lang='lat' dir='ltr'>psa</span> <span class='ocrx_word' id='word_1_257' title='bbox 2170 1817 2187 1842; x_wconf 87' lang='lat'>,</span> <span class='ocrx_word' id='word_1_258' title='bbox 2211 1777 2360 1848; x_wconf 81' lang='lat' dir='ltr'>quod</span> 
     </span>
     <span class='ocr_line' id='line_1_45' title="bbox 1337 1856 2362 1910; baseline -0.001 -1"><span class='ocrx_word' id='word_1_259' title='bbox 1337 1857 1394 1909; x_wconf 88' lang='lat' dir='ltr'>in</span> <span class='ocrx_word' id='word_1_260' title='bbox 1416 1856 1776 1909; x_wconf 80' lang='lat' dir='ltr'>Narbonensis</span> <span class='ocrx_word' id='word_1_261' title='bbox 1795 1857 1980 1910; x_wconf 81' lang='lat' dir='ltr'>Galliae</span> <span class='ocrx_word' id='word_1_262' title='bbox 2007 1876 2099 1910; x_wconf 83' lang='lat' dir='ltr'>ora</span> <span class='ocrx_word' id='word_1_263' title='bbox 2119 1857 2362 1910; x_wconf 71' lang='lat' dir='ltr'>lentiscus</span> 
     </span>
     <span class='ocr_line' id='line_1_46' title="bbox 1338 1936 2363 2007; baseline -0.001 -19"><span class='ocrx_word' id='word_1_264' title='bbox 1338 1936 1586 1989; x_wconf 74' lang='lat' dir='ltr'>nascitur.</span> <span class='ocrx_word' id='word_1_265' title='bbox 1610 1936 1928 2007; x_wconf 85' lang='lat' dir='ltr'>Quanquam</span> <span class='ocrx_word' id='word_1_266' title='bbox 1943 1936 2129 1989; x_wconf 70' lang='lat' dir='ltr'>Galliae</span> <span class='ocrx_word' id='word_1_267' title='bbox 2144 1937 2363 1988; x_wconf 90' lang='lat' dir='ltr'>nomine</span> 
     </span>
     <span class='ocr_line' id='line_1_47' title="bbox 1336 2014 2364 2087; baseline -0.001 -21"><span class='ocrx_word' id='word_1_268' title='bbox 1336 2015 1547 2068; x_wconf 78' lang='lat' dir='ltr'>ltaliam</span> <span class='ocrx_word' id='word_1_269' title='bbox 1629 2014 2057 2087; x_wconf 64' lang='lat' dir='ltr'>Transpadanajn</span> <span class='ocrx_word' id='word_1_270' title='bbox 2139 2015 2364 2085; x_wconf 84' lang='lat' dir='ltr'>intelligi</span> 
     </span>
     <span class='ocr_line' id='line_1_48' title="bbox 1340 2094 2366 2166; baseline -0.003 -18"><span class='ocrx_word' id='word_1_271' title='bbox 1340 2095 1672 2166; x_wconf 81' lang='lat' dir='ltr'>Galliamque</span> <span class='ocrx_word' id='word_1_272' title='bbox 1693 2095 1950 2165; x_wconf 80' lang='lat' dir='ltr'>Togatam</span> <span class='ocrx_word' id='word_1_273' title='bbox 1977 2113 2008 2148; x_wconf 82' lang='lat' dir='ltr'>a</span> <span class='ocrx_word' id='word_1_274' title='bbox 2030 2095 2204 2147; x_wconf 85' lang='lat' dir='ltr'>Plinio</span> <span class='ocrx_word' id='word_1_275' title='bbox 2225 2094 2366 2146; x_wconf 81' lang='lat' dir='ltr'>simi-</span> 
     </span>
     <span class='ocr_line' id='line_1_49' title="bbox 1338 2171 2367 2244; baseline -0.002 -17"><span class='ocrx_word' id='word_1_276' title='bbox 1338 2175 1443 2227; x_wconf 78' lang='lat' dir='ltr'>lius</span> <span class='ocrx_word' id='word_1_277' title='bbox 1481 2175 1594 2228; x_wconf 81' lang='lat' dir='ltr'>veri</span> <span class='ocrx_word' id='word_1_278' title='bbox 1632 2171 1871 2238; x_wconf 82' lang='lat' dir='ltr'>videtur,</span> <span class='ocrx_word' id='word_1_279' title='bbox 1908 2172 2056 2244; x_wconf 84' lang='lat' dir='ltr'>quod</span> <span class='ocrx_word' id='word_1_280' title='bbox 2084 2172 2142 2226; x_wconf 85' lang='lat' dir='ltr'>id</span> <span class='ocrx_word' id='word_1_281' title='bbox 2181 2174 2231 2226; x_wconf 89' lang='lat' dir='ltr'>ei</span> <span class='ocrx_word' id='word_1_282' title='bbox 2273 2171 2367 2226; x_wconf 83' lang='lat' dir='ltr'>ad-</span> 
     </span>
     <span class='ocr_line' id='line_1_50' title="bbox 1340 2253 2367 2319; baseline -0.003 -13"><span class='ocrx_word' id='word_1_283' title='bbox 1340 2253 1560 2306; x_wconf 89' lang='lat' dir='ltr'>modum</span> <span class='ocrx_word' id='word_1_284' title='bbox 1580 2253 1836 2306; x_wconf 81' lang='lat' dir='ltr'>familiare</span> <span class='ocrx_word' id='word_1_285' title='bbox 1856 2266 1935 2306; x_wconf 86' lang='lat' dir='ltr'>est</span> <span class='ocrx_word' id='word_1_286' title='bbox 1949 2292 1966 2319; x_wconf 86' lang='lat'>,</span> <span class='ocrx_word' id='word_1_287' title='bbox 1989 2266 2050 2307; x_wconf 86' lang='lat' dir='ltr'>nt</span> <span class='ocrx_word' id='word_1_288' title='bbox 2071 2253 2163 2306; x_wconf 87' lang='lat' dir='ltr'>lib.</span> <span class='ocrx_word' id='word_1_289' title='bbox 2185 2253 2367 2316; x_wconf 81' lang='lat' dir='ltr'>XVII,</span> 
     </span>
     <span class='ocr_line' id='line_1_51' title="bbox 1342 2331 2364 2405; baseline -0.003 -19"><span class='ocrx_word' id='word_1_290' title='bbox 1342 2351 1460 2405; x_wconf 84' lang='lat' dir='ltr'>cap.</span> <span class='ocrx_word' id='word_1_291' title='bbox 1494 2331 1601 2400; x_wconf 77' lang='lat'>353</span> <span class='ocrx_word' id='word_1_292' title='bbox 1632 2331 1940 2388; x_wconf 64' lang='lat' dir='ltr'>Columella</span> <span class='ocrx_word' id='word_1_293' title='bbox 1978 2351 2192 2405; x_wconf 86' lang='lat' dir='ltr'>quoque</span> <span class='ocrx_word' id='word_1_294' title='bbox 2212 2371 2229 2396; x_wconf 85' lang='lat'>,</span> <span class='ocrx_word' id='word_1_295' title='bbox 2270 2331 2364 2384; x_wconf 86' lang='lat' dir='ltr'>lib.</span> 
     </span>
     <span class='ocr_line' id='line_1_52' title="bbox 1342 2412 2362 2484; baseline -0.002 -20"><span class='ocrx_word' id='word_1_296' title='bbox 1342 2413 1458 2478; x_wconf 88' lang='lat'>111,</span> <span class='ocrx_word' id='word_1_297' title='bbox 1492 2429 1606 2484; x_wconf 85' lang='lat' dir='ltr'>cap.</span> <span class='ocrx_word' id='word_1_298' title='bbox 1654 2413 1684 2465; x_wconf 88' lang='grc'>3</span> <span class='ocrx_word' id='word_1_299' title='bbox 1703 2445 1720 2473; x_wconf 85' lang='grc'>,</span> <span class='ocrx_word' id='word_1_300' title='bbox 1747 2413 1966 2484; x_wconf 74' lang='lat' dir='ltr'>aliisque</span> <span class='ocrx_word' id='word_1_301' title='bbox 1995 2412 2362 2484; x_wconf 79' lang='lat' dir='ltr'>scriptoribus.</span> 
     </span>
     <span class='ocr_line' id='line_1_53' title="bbox 1342 2488 2370 2561; baseline -0.003 -17"><span class='ocrx_word' id='word_1_302' title='bbox 1342 2491 1484 2546; x_wconf 85' lang='lat' dir='ltr'>Hinc</span> <span class='ocrx_word' id='word_1_303' title='bbox 1502 2509 1621 2544; x_wconf 82' lang='lat' dir='ltr'>acer</span> <span class='ocrx_word' id='word_1_304' title='bbox 1633 2491 1897 2546; x_wconf 80' lang='lat' dir='ltr'>Gallicum</span> <span class='ocrx_word' id='word_1_305' title='bbox 1920 2493 1978 2544; x_wconf 87' lang='lat' dir='ltr'>in</span> <span class='ocrx_word' id='word_1_306' title='bbox 1993 2488 2370 2561; x_wconf 77' lang='lat' dir='ltr'>Transpadana</span> 
     </span>
     <span class='ocr_line' id='line_1_54' title="bbox 1345 2569 2365 2640; baseline -0.003 -17"><span class='ocrx_word' id='word_1_307' title='bbox 1345 2570 1496 2623; x_wconf 83' lang='lat' dir='ltr'>Italia</span> <span class='ocrx_word' id='word_1_308' title='bbox 1523 2583 1884 2640; x_wconf 83' lang='lat' dir='ltr'>nuncupatum</span> <span class='ocrx_word' id='word_1_309' title='bbox 1901 2609 1917 2634; x_wconf 91' lang='lat'><strong><em>‚</em></strong></span> <span class='ocrx_word' id='word_1_310' title='bbox 1941 2571 2035 2622; x_wconf 85' lang='lat' dir='ltr'>lib.</span> <span class='ocrx_word' id='word_1_311' title='bbox 2064 2569 2200 2621; x_wconf 82' lang='lat' dir='ltr'>xvl</span> <span class='ocrx_word' id='word_1_312' title='bbox 2215 2609 2230 2633; x_wconf 91' lang='lat'>,</span> <span class='ocrx_word' id='word_1_313' title='bbox 2250 2587 2365 2640; x_wconf 86' lang='lat' dir='ltr'>cap.</span> 
     </span>
     <span class='ocr_line' id='line_1_55' title="bbox 1350 2647 2367 2718; baseline -0.003 -16"><span class='ocrx_word' id='word_1_314' title='bbox 1350 2654 1438 2702; x_wconf 77' lang='lat'>26.</span> <span class='ocrx_word' id='word_1_315' title='bbox 1491 2651 1553 2702; x_wconf 81' lang='lat' dir='ltr'>In</span> <span class='ocrx_word' id='word_1_316' title='bbox 1600 2649 1750 2700; x_wconf 82' lang='lat' dir='ltr'>Italia</span> <span class='ocrx_word' id='word_1_317' title='bbox 1791 2650 1977 2700; x_wconf 76' lang='lat' dir='ltr'>lentisci</span> <span class='ocrx_word' id='word_1_318' title='bbox 2015 2649 2118 2718; x_wconf 78' lang='lat' dir='ltr'>legi</span> <span class='ocrx_word' id='word_1_319' title='bbox 2165 2647 2330 2708; x_wconf 80' lang='lat' dir='ltr'>nolim</span> <span class='ocrx_word' id='word_1_320' title='bbox 2352 2685 2367 2710; x_wconf 88' lang='lat'><strong>‚</strong></span> 
     </span>
     <span class='ocr_line' id='line_1_56' title="bbox 1344 2723 2370 2799; baseline -0.003 -18"><span class='ocrx_word' id='word_1_321' title='bbox 1344 2726 1491 2799; x_wconf 83' lang='lat' dir='ltr'>quod</span> <span class='ocrx_word' id='word_1_322' title='bbox 1536 2726 1592 2780; x_wconf 82' lang='lat' dir='ltr'>id</span> <span class='ocrx_word' id='word_1_323' title='bbox 1637 2725 1848 2780; x_wconf 83' lang='lat' dir='ltr'>recedat</span> <span class='ocrx_word' id='word_1_324' title='bbox 1885 2727 2094 2797; x_wconf 78' lang='lat' dir='ltr'>longius</span> <span class='ocrx_word' id='word_1_325' title='bbox 2132 2723 2291 2796; x_wconf 84' lang='lat' dir='ltr'>paulo</span> <span class='ocrx_word' id='word_1_326' title='bbox 2339 2743 2370 2778; x_wconf 86' lang='lat' dir='ltr'>a</span> 
     </span>
     <span class='ocr_line' id='line_1_57' title="bbox 1344 2803 2370 2877; baseline -0.002 -18"><span class='ocrx_word' id='word_1_327' title='bbox 1344 2820 1520 2861; x_wconf 79' lang='lat' dir='ltr'>vetere</span> <span class='ocrx_word' id='word_1_328' title='bbox 1545 2807 1810 2877; x_wconf 74' lang='lat' dir='ltr'>scriptura</span> <span class='ocrx_word' id='word_1_329' title='bbox 1831 2823 1845 2859; x_wconf 91' lang='lat'><strong>:</strong></span> <span class='ocrx_word' id='word_1_330' title='bbox 1874 2825 1973 2858; x_wconf 87' lang='lat' dir='ltr'>nec</span> <span class='ocrx_word' id='word_1_331' title='bbox 2001 2807 2043 2857; x_wconf 73' lang='lat' dir='ltr'>si</span> <span class='ocrx_word' id='word_1_332' title='bbox 2069 2805 2228 2857; x_wconf 81' lang='lat' dir='ltr'>velim</span> <span class='ocrx_word' id='word_1_333' title='bbox 2247 2841 2264 2868; x_wconf 86' lang='lat'>,</span> <span class='ocrx_word' id='word_1_334' title='bbox 2291 2803 2370 2857; x_wconf 83' lang='lat' dir='ltr'>id-</span> 
     </span>
     <span class='ocr_line' id='line_1_58' title="bbox 1346 2883 2370 2954; baseline -0.005 -15"><span class='ocrx_word' id='word_1_335' title='bbox 1346 2886 1490 2940; x_wconf 88' lang='lat' dir='ltr'>circo</span> <span class='ocrx_word' id='word_1_336' title='bbox 1529 2899 1671 2939; x_wconf 87' lang='lat' dir='ltr'>certe</span> <span class='ocrx_word' id='word_1_337' title='bbox 1705 2886 1864 2938; x_wconf 76' lang='lat' dir='ltr'>velim</span> <span class='ocrx_word' id='word_1_338' title='bbox 1882 2923 1898 2949; x_wconf 90' lang='lat'>,</span> <span class='ocrx_word' id='word_1_339' title='bbox 1942 2883 2087 2954; x_wconf 82' lang='lat' dir='ltr'>quod</span> <span class='ocrx_word' id='word_1_340' title='bbox 2127 2885 2370 2935; x_wconf 79' lang='lat' dir='ltr'>lentiscum</span> 
     </span>
     <span class='ocr_line' id='line_1_59' title="bbox 1346 2961 2368 3029; baseline -0.004 -11"><span class='ocrx_word' id='word_1_341' title='bbox 1346 2967 1570 3018; x_wconf 79' lang='lat' dir='ltr'>Italicam</span> <span class='ocrx_word' id='word_1_342' title='bbox 1595 2964 1800 3017; x_wconf 68' lang='lat' dir='ltr'>Plinius</span> <span class='ocrx_word' id='word_1_343' title='bbox 1820 2962 1998 3017; x_wconf 83' lang='lat' dir='ltr'>laudet</span> <span class='ocrx_word' id='word_1_344' title='bbox 2011 2999 2028 3022; x_wconf 82' lang='lat'><strong>.</strong></span> <span class='ocrx_word' id='word_1_345' title='bbox 2051 2963 2145 3017; x_wconf 80' lang='lat' dir='ltr'>lib.</span> <span class='ocrx_word' id='word_1_346' title='bbox 2173 2961 2336 3016; x_wconf 83' lang='lat' dir='ltr'>XVII</span> <span class='ocrx_word' id='word_1_347' title='bbox 2352 3003 2368 3029; x_wconf 92' lang='lat'>,</span> 
     </span>
     <span class='ocr_line' id='line_1_60' title="bbox 1346 3041 2370 3116; baseline -0.002 -20"><span class='ocrx_word' id='word_1_348' title='bbox 1346 3063 1462 3116; x_wconf 89' lang='lat' dir='ltr'>cap.</span> <span class='ocrx_word' id='word_1_349' title='bbox 1499 3051 1600 3108; x_wconf 71' lang='lat'>44:</span> <span class='ocrx_word' id='word_1_350' title='bbox 1636 3062 1698 3096; x_wconf 88' lang='lat' dir='ltr'>ea</span> <span class='ocrx_word' id='word_1_351' title='bbox 1731 3045 1872 3097; x_wconf 86' lang='lat' dir='ltr'>enim</span> <span class='ocrx_word' id='word_1_352' title='bbox 1901 3045 2061 3097; x_wconf 79' lang='lat' dir='ltr'>verba</span> <span class='ocrx_word' id='word_1_353' title='bbox 2090 3043 2146 3095; x_wconf 90' lang='lat' dir='ltr'>in</span> <span class='ocrx_word' id='word_1_354' title='bbox 2175 3041 2370 3096; x_wconf 86' lang='lat' dir='ltr'>mendo</span> 
     </span>
     <span class='ocr_line' id='line_1_61' title="bbox 1346 3121 2308 3176; baseline 0 0"><span class='ocrx_word' id='word_1_355' title='bbox 1346 3124 1540 3176; x_wconf 87' lang='lat' dir='ltr'>cubare</span> <span class='ocrx_word' id='word_1_356' title='bbox 1566 3121 1762 3176; x_wconf 85' lang='lat' dir='ltr'>dicturi</span> <span class='ocrx_word' id='word_1_357' title='bbox 1789 3143 1852 3176; x_wconf 86' lang='lat' dir='ltr'>eo</span> <span class='ocrx_word' id='word_1_358' title='bbox 1876 3123 1982 3176; x_wconf 87' lang='lat' dir='ltr'>loci</span> <span class='ocrx_word' id='word_1_359' title='bbox 2009 3140 2208 3176; x_wconf 69' lang='lat' dir='ltr'>numus.</span> <span class='ocrx_word' id='word_1_360' title='bbox 2239 3123 2308 3176; x_wconf 77' lang='lat' dir='ltr'>H.</span> 
     </span>
    </p>

    <p class='ocr_par' dir='ltr' id='par_1_11' title="bbox 1343 3198 2370 3434">
     <span class='ocr_line' id='line_1_62' title="bbox 1429 3198 2368 3274; baseline -0.003 -19"><span class='ocrx_word' id='word_1_361' title='bbox 1429 3207 1522 3256; x_wconf 88' lang='lat'>66.</span> <span class='ocrx_word' id='word_1_362' title='bbox 1545 3205 1682 3257; x_wconf 73' lang='lat' dir='ltr'>Item.</span> <span class='ocrx_word' id='word_1_363' title='bbox 1695 3198 2174 3274; x_wconf 74' lang='grc' dir='ltr'>Χαμιλαΐτηςόἶνος,</span> <span class='ocrx_word' id='word_1_364' title='bbox 2191 3202 2368 3256; x_wconf 78' lang='lat' dir='ltr'>Dioac.</span> 
     </span>
     <span class='ocr_line' id='line_1_63' title="bbox 1343 3282 2370 3354; baseline 0 -20"><span class='ocrx_word' id='word_1_365' title='bbox 1343 3282 1442 3336; x_wconf 86' lang='lat' dir='ltr'>lib.</span> <span class='ocrx_word' id='word_1_366' title='bbox 1473 3283 1558 3348; x_wconf 82' lang='lat' dir='ltr'>V,</span> <span class='ocrx_word' id='word_1_367' title='bbox 1583 3301 1698 3354; x_wconf 86' lang='lat' dir='ltr'>cap.</span> <span class='ocrx_word' id='word_1_368' title='bbox 1729 3301 1824 3352; x_wconf 88' lang='lat'>79.</span> <span class='ocrx_word' id='word_1_369' title='bbox 1855 3285 2284 3351; x_wconf 74' lang='grc' dir='ltr'>Χαμαιπιτὺἶνος,</span> <span class='ocrx_word' id='word_1_370' title='bbox 2321 3299 2370 3334; x_wconf 89' lang='lat' dir='ltr'>c.</span> 
     </span>
     <span class='ocr_line' id='line_1_64' title="bbox 1350 3358 2367 3434; baseline -0.001 -19"><span class='ocrx_word' id='word_1_371' title='bbox 1350 3364 1450 3427; x_wconf 72' lang='lat'>803</span> <span class='ocrx_word' id='word_1_372' title='bbox 1477 3358 1888 3432; x_wconf 71' lang='grc' dir='ltr'>Χαμαιδρυΐτης,</span> <span class='ocrx_word' id='word_1_373' title='bbox 1915 3381 2029 3434; x_wconf 88' lang='lat' dir='ltr'>cap.</span> <span class='ocrx_word' id='word_1_374' title='bbox 2061 3361 2090 3416; x_wconf 83' lang='lat'><strong>5</strong></span> <span class='ocrx_word' id='word_1_375' title='bbox 2106 3379 2155 3414; x_wconf 87' lang='lat'>1.</span> <span class='ocrx_word' id='word_1_376' title='bbox 2183 3361 2367 3414; x_wconf 66' lang='lat' dir='ltr'>Hm».</span> 
     </span>
    </p>

    <p class='ocr_par' dir='ltr' id='par_1_12' title="bbox 1344 3441 2371 3989">
     <span class='ocr_line' id='line_1_65' title="bbox 1428 3441 2370 3512; baseline -0.004 -16"><span class='ocrx_word' id='word_1_377' title='bbox 1428 3447 1520 3508; x_wconf 80' lang='lat'>67.</span> <span class='ocrx_word' id='word_1_378' title='bbox 1543 3443 1731 3494; x_wconf 80' lang='lat' dir='ltr'>Eodem</span> <span class='ocrx_word' id='word_1_379' title='bbox 1749 3441 1888 3493; x_wconf 80' lang='lat' dir='ltr'>modo</span> <span class='ocrx_word' id='word_1_380' title='bbox 1902 3477 1919 3504; x_wconf 92' lang='lat'>,</span> <span class='ocrx_word' id='word_1_381' title='bbox 1948 3455 2002 3492; x_wconf 83' lang='lat' dir='ltr'>et</span> <span class='ocrx_word' id='word_1_382' title='bbox 2013 3442 2231 3512; x_wconf 77' lang='lat' dir='ltr'>exflore.</span> <span class='ocrx_word' id='word_1_383' title='bbox 2249 3441 2370 3492; x_wconf 88' lang='lat' dir='ltr'>Hoc</span> 
     </span>
     <span class='ocr_line' id='line_1_66' title="bbox 1346 3519 2369 3592; baseline -0.004 -17"><span class='ocrx_word' id='word_1_384' title='bbox 1346 3535 1424 3575; x_wconf 73' lang='lat' dir='ltr'>cst</span> <span class='ocrx_word' id='word_1_385' title='bbox 1437 3562 1452 3584; x_wconf 92' lang='lat'>,</span> <span class='ocrx_word' id='word_1_386' title='bbox 1477 3521 1680 3592; x_wconf 82' lang='lat' dir='ltr'>lignum</span> <span class='ocrx_word' id='word_1_387' title='bbox 1703 3539 1886 3574; x_wconf 79' lang='lat' dir='ltr'>recens</span> <span class='ocrx_word' id='word_1_388' title='bbox 1907 3539 2026 3574; x_wconf 89' lang='lat' dir='ltr'>cum</span> <span class='ocrx_word' id='word_1_389' title='bbox 2045 3519 2152 3572; x_wconf 60' lang='lat' dir='ltr'>auis</span> <span class='ocrx_word' id='word_1_390' title='bbox 2172 3520 2369 3585; x_wconf 82' lang='lat' dir='ltr'>baccis,</span> 
     </span>
     <span class='ocr_line' id='line_1_67' title="bbox 1346 3597 2370 3672; baseline -0.003 -20"><span class='ocrx_word' id='word_1_391' title='bbox 1346 3601 1478 3653; x_wconf 88' lang='lat' dir='ltr'>utin</span> <span class='ocrx_word' id='word_1_392' title='bbox 1501 3600 1769 3672; x_wconf 69' lang='lat' dir='ltr'>prioribus</span> <span class='ocrx_word' id='word_1_393' title='bbox 1791 3600 2072 3653; x_wconf 80' lang='lat' dir='ltr'>fruticibus</span> <span class='ocrx_word' id='word_1_394' title='bbox 2095 3599 2212 3653; x_wconf 78' lang='lat' dir='ltr'>fieri</span> <span class='ocrx_word' id='word_1_395' title='bbox 2233 3597 2370 3651; x_wconf 81' lang='lat' dir='ltr'>dixi·</span> 
     </span>
     <span class='ocr_line' id='line_1_68' title="bbox 1344 3677 2371 3749; baseline -0.002 -17"><span class='ocrx_word' id='word_1_396' title='bbox 1344 3699 1462 3733; x_wconf 77' lang='lat' dir='ltr'>mus</span> <span class='ocrx_word' id='word_1_397' title='bbox 1477 3719 1491 3740; x_wconf 86' lang='lat'><em>‚</em></span> <span class='ocrx_word' id='word_1_398' title='bbox 1533 3692 1708 3732; x_wconf 77' lang='lat' dir='ltr'>musto</span> <span class='ocrx_word' id='word_1_399' title='bbox 1745 3677 2084 3749; x_wconf 83' lang='lat' dir='ltr'>decoquunt:</span> <span class='ocrx_word' id='word_1_400' title='bbox 2116 3692 2168 3731; x_wconf 91' lang='lat' dir='ltr'>et</span> <span class='ocrx_word' id='word_1_401' title='bbox 2214 3678 2371 3732; x_wconf 75' lang='lat' dir='ltr'>simul</span> 
     </span>
     <span class='ocr_line' id='line_1_69' title="bbox 1346 3758 2371 3834; baseline -0.002 -22"><span class='ocrx_word' id='word_1_402' title='bbox 1346 3777 1411 3834; x_wconf 70' lang='lat' dir='ltr'>ex</span> <span class='ocrx_word' id='word_1_403' title='bbox 1445 3758 1578 3812; x_wconf 86' lang='lat' dir='ltr'>flore</span> <span class='ocrx_word' id='word_1_404' title='bbox 1619 3758 1917 3812; x_wconf 84' lang='lat' dir='ltr'>immittunt</span> <span class='ocrx_word' id='word_1_405' title='bbox 1951 3759 2006 3811; x_wconf 89' lang='lat' dir='ltr'>in</span> <span class='ocrx_word' id='word_1_406' title='bbox 2051 3759 2210 3812; x_wconf 80' lang='lat' dir='ltr'>musti</span> <span class='ocrx_word' id='word_1_407' title='bbox 2239 3776 2371 3810; x_wconf 90' lang='lat' dir='ltr'>con·</span> 
     </span>
     <span class='ocr_line' id='line_1_70' title="bbox 1346 3835 2368 3908; baseline -0.004 -17"><span class='ocrx_word' id='word_1_408' title='bbox 1346 3837 1492 3908; x_wconf 79' lang='lat' dir='ltr'>gium</span> <span class='ocrx_word' id='word_1_409' title='bbox 1513 3875 1532 3903; x_wconf 86' lang='lat'><em>‚</em></span> <span class='ocrx_word' id='word_1_410' title='bbox 1573 3838 1773 3893; x_wconf 86' lang='lat' dir='ltr'>denum</span> <span class='ocrx_word' id='word_1_411' title='bbox 1815 3836 2092 3891; x_wconf 85' lang='lat' dir='ltr'>denarium</span> <span class='ocrx_word' id='word_1_412' title='bbox 2137 3835 2368 3908; x_wconf 78' lang='lat' dir='ltr'>pondus.</span> 
     </span>
     <span class='ocr_line' id='line_1_71' title="bbox 1350 3916 2211 3989; baseline -0.002 -20"><span class='ocrx_word' id='word_1_413' title='bbox 1350 3917 1526 3971; x_wconf 77' lang='lat' dir='ltr'>Diosc.</span> <span class='ocrx_word' id='word_1_414' title='bbox 1555 3919 1646 3971; x_wconf 87' lang='lat' dir='ltr'>lib.</span> <span class='ocrx_word' id='word_1_415' title='bbox 1673 3920 1745 3983; x_wconf 80' lang='lat' dir='ltr'>V,</span> <span class='ocrx_word' id='word_1_416' title='bbox 1768 3937 1883 3989; x_wconf 88' lang='lat' dir='ltr'>cap.</span> <span class='ocrx_word' id='word_1_417' title='bbox 1915 3935 2006 3986; x_wconf 87' lang='lat'>79.</span> <span class='ocrx_word' id='word_1_418' title='bbox 2031 3916 2211 3969; x_wconf 60' lang='lat' dir='ltr'>Han.</span> 
     </span>
    </p>

    <p class='ocr_par' dir='ltr' id='par_1_13' title="bbox 1430 3992 2372 4064">
     <span class='ocr_line' id='line_1_72' title="bbox 1430 3992 2372 4064; baseline -0.01 -12"><span class='ocrx_word' id='word_1_419' title='bbox 1430 3999 1522 4052; x_wconf 82' lang='lat'>68.</span> <span class='ocrx_word' id='word_1_420' title='bbox 1548 3997 1726 4050; x_wconf 76' lang='lat' dir='ltr'>Decem</span> <span class='ocrx_word' id='word_1_421' title='bbox 1743 3997 2042 4050; x_wconf 71' lang='lat' dir='ltr'>denae-:breem</span> <span class='ocrx_word' id='word_1_422' title='bbox 2058 3995 2268 4064; x_wconf 69' lang='lat' dir='ltr'>pondere</span> <span class='ocrx_word' id='word_1_423' title='bbox 2287 3992 2372 4044; x_wconf 82' lang='lat' dir='ltr'>ad·</span> 
     </span>
    </p>
   </div>
   <div class='ocr_carea' id='block_1_8' title="bbox 2829 1041 2842 2002">
    <p class='ocr_par' dir='ltr' id='par_1_14' title="bbox 2829 1041 2842 2002">
     <span class='ocr_line' id='line_1_73' title="bbox 2829 1041 2842 2002; baseline 0 0"><span class='ocrx_word' id='word_1_424' title='bbox 2829 1041 2842 2002; x_wconf 95' lang='lat' dir='ltr'> </span> 
     </span>
    </p>
   </div>
  </div>
 </body>
</html>
