2850 4684
523 374 570 455 4
1061 370 1143 439 C.
1195 368 1529 437 PLINlI
1579 367 1788 437 NAT.
1838 366 2096 434 HIST.

517 507 668 601 jure
703 501 996 583 luxuriae,
1024 498 1258 569 eodem
1295 500 1496 569 ebore
1528 496 1916 569 numinum⁹
1942 521 2063 567 ora
2084 512 2562 591 spectarentur,
2584 512 2673 567 et

527 632 904 681 mensarum
939 605 1160 700 pedes.
1198 604 1499 674 Produnt
1530 604 1807 699 Alpibus
1848 606 2206 692 coercitas,
2252 619 2321 673 et
2360 618 2503 673 tum
2538 606 2666 671 in-

526 711 965 811 exsuperabili
1001 713 1412 781 munimento
1458 709 1743 797 Gallias,
1796 712 1968 780 hanc
2016 712 2301 805 primum
2343 710 2676 779 habuisse

406 848 415 855 ·
529 846 794 893 causam
828 817 1349 914 superfundendi
1377 842 1448 886 se
1460 815 1699 905 Italiae,
1725 816 1904 911 quod
1923 815 2153 887 Helico
2165 815 2213 840 ¹⁰
2231 842 2312 885 ex
2330 815 2673 885 Helvetiis

529 930 690 999 civis
711 950 973 1010 earum,
1007 922 1308 993 fabrilem
1332 925 1420 993 ob
1444 938 1657 993 artem
1688 926 1921 992 Romae
1944 938 2393 992 commoratus
2407 976 2428 1009 ‚
2450 922 2673 991 ficum

531 1037 774 1103 siccam
797 1046 866 1101 et
895 1054 1092 1099 uvam
1109 1083 1129 1117 ‚
1154 1028 1410 1123 oleique
1436 1054 1513 1099 ac
1540 1032 1676 1099 vini
1698 1028 2093 1125 praemissa¹¹
2114 1053 2414 1099 remeans
2432 1053 2671 1098 secum

533 1128 804 1210 tulisset.
837 1138 1266 1231 Quapropter
1293 1137 1435 1206 haec
1470 1135 1575 1205 vel
1614 1135 1789 1205 bello
1822 1137 2127 1231 quaesisse
2162 1136 2357 1205 venia
2390 1137 2495 1203 sit.

640 1248 770 1314 111.
806 1240 940 1313 Sed
983 1244 1128 1336 quis
1174 1266 1309 1311 non
1337 1244 1490 1337 jure
1532 1244 1845 1329 miretur,
1880 1243 2186 1312 arborem
2220 1243 2476 1311 umbrae
2512 1264 2675 1335 gra-

535 1354 628 1422 tia
645 1351 660 1375 ¹
703 1363 962 1421 tantum
1007 1374 1089 1417 ex
1129 1348 1343 1418 alieno
1380 1351 1653 1443 petitam
1706 1347 1911 1419 orbe?
1958 1346 2306 1419 Platanus'
2344 1348 2487 1417 haec
2528 1362 2675 1433 est,

619 1571 676 1619 9.
707 1550 985 1603 Numinum.
1030 1548 1364 1618 proponebat
1399 1550 1555 1601 Dale-

539 1648 713 1701 camp.
738 1628 976 1681 hominum
991 1668 1007 1693 ,
1027 1646 1172 1681 mera
1193 1641 1246 1681 et
1267 1628 1412 1681 inani
1437 1648 1561 1682 con·

536 1714 763 1782 jectura.
783 1708 888 1761 En.

633 1807 716 1842 ιο.
749 1787 940 1840 Helico.
976 1782 1120 1839 Edit.
1153 1800 1276 1840 ante
1297 1784 1562 1841 Harduin.

546 1870 706 1921 Elia-0.
741 1868 850 1921 En.
879 1866 1563 1923 —Earum.Helvetiarum

545 1947 761 2001 scilicet.
779 1946 963 1999 lium.

635 2046 659 2079 1
679 2049 698 2079 1
711 2066 724 2078 .
759 2026 1034 2080 Proemissa.
1071 2026 1156 2079 Ita
1195 2027 1318 2079 libri
1361 2044 1565 2079 omnes.

549 2106 874 2177 Diligentem
905 2105 1154 2175 exquisiti
1203 2106 1307 2157 olei
1353 2124 1416 2160 ae
1454 2106 1569 2157 vini

550 2186 814 2239 delectum
855 2203 916 2237 ea
957 2202 1059 2236 vox
1102 2185 1398 2255 significare
1437 2184 1571 2237 mihi

551 2265 785 2328 videtur,
805 2264 902 2317 etsi
923 2264 1077 2316 aliter
1105 2264 1245 2317 sorte
1265 2263 1571 2335 Rhodigino

555 2346 754 2409 visum,
786 2344 882 2396 lib.
913 2342 1018 2408 VI,
1055 2361 1172 2413 cap.
1205 2347 1258 2397 6.
1294 2344 1479 2396 Livius
1500 2344 1573 2408 V,

559 2425 632 2478 33
651 2462 668 2489 ‚
695 2423 976 2476 Gallorum
1001 2424 1214 2493 gentem'
1240 2442 1304 2476 ex
1322 2420 1471 2493 vulgi
1502 2422 1575 2475 fa-

557 2522 646 2555 ma
666 2500 845 2569 tradit,
859 2499 1140 2554 dulcedine
1157 2502 1392 2573 frugum.
1413 2501 1577 2554 maxi-

557 2600 750 2653 meque
788 2582 899 2635 vini
947 2598 1091 2633 nova
1133 2594 1248 2634 tum
1300 2583 1576 2652 voluptate

559 2674 792 2733 captam,
819 2661 982 2731 Alpes
1011 2662 1256 2715 transisse
1271 2700 1286 2725 ,
1319 2678 1577 2732 agrosque

561 2742 628 2795 ab
657 2742 892 2794 Etruscis
921 2753 1048 2793 ante
1073 2742 1242 2795 cultos
1263 2740 1574 2813 possedisse.

563 2822 741 2875 Hmn.
771 2852 849 2864 -—
875 2820 1037 2875 Conf.
1067 2820 1206 2873 etad
1226 2821 1370 2873 hunc
1395 2821 1577 2873 locum

561 2900 832 2954 Plutarch.
874 2899 934 2951 in
971 2899 1232 2963 Camillo,
1271 2918 1392 2970 pag.
1448 2898 1575 2957 135,

457 3012 466 3021 ι
562 2980 654 3050 qui
695 2980 964 3032 invectum
1004 2978 1061 3029 in
1099 2978 1326 3033 Galliam
1359 2978 1578 3044 vinum,

561 3056 840 3112 illicientia
857 3057 1025 3129 gentis
1045 3074 1198 3110 causa
1215 3093 1232 3123 ,
1253 3060 1320 3111 ab
1347 3059 1577 3124 Arunte,

561 3138 706 3191 claro
746 3137 802 3190 in
857 3136 1070 3189 Etruria
1111 3136 1225 3191 viro
1240 3174 1256 3201 ‚
1308 3139 1581 3190 memoria

563 3214 764 3287 prodit.
793 3216 918 3286 Ejus
943 3215 1024 3267 rei
1056 3216 1286 3269 fortassis
1303 3218 1580 3288 exemplo,

565 3297 911 3366 imperatores
930 3296 1337 3349 Valentinianus
1370 3310 1424 3350 et
1451 3299 1584 3353 Gra·

565 3376 804 3427 tianusin
821 3372 1020 3427 Codice
1045 3376 1352 3453 prohibent,
1368 3376 1437 3431 ad
1460 3380 1581 3431 bar-

563 3456 721 3509 baros
755 3455 970 3517 vinum,
1005 3454 1184 3507 oleum
1227 3468 1282 3508 et
1313 3457 1581 3528 liquamen

565 3535 880 3600 transferre,
905 3552 974 3585 ne
994 3546 1172 3605 gustus
1189 3535 1408 3606 quidem
1429 3554 1585 3589 causa

564 3627 655 3667 aut
671 3612 997 3667 commercii.
1013 3614 1218 3685 Magius
1242 3614 1383 3687 apud
1404 3616 1581 3669 Dalec.

563 3690 661 3746 lib.
691 3695 799 3759 111,
831 3712 947 3765 cap.
979 3712 1066 3748 ιι.
1095 3694 1196 3746 En.

643 3774 745 3825 111.
771 3792 792 3825 1
811 3814 822 3825 .
842 3772 1032 3825 Umbroe
1051 3776 1234 3843 gratia.
1259 3774 1338 3827 Ex
1349 3792 1455 3844 qua
1472 3774 1583 3827 fru-

563 3865 678 3904 ctus
721 3854 879 3919 alius,
945 3866 1296 3925 praeterquam
1345 3854 1579 3911 umbra.

559 3932 765 4002 percipi
788 3933 964 3985 nullus
993 3934 1173 4003 pouit.
1201 3933 1383 3987 Haut).

645 4030 696 4063 a.
723 4012 962 4065 Platanous
981 4013 1083 4063 leoec
1100 4026 1194 4077 est,
1219 4032 1360 4075 mare,
1384 4026 1483 4068 etc.
1500 4012 1580 4069 Ita

1646 1548 1807 1603 codd.
1838 1548 2003 1603 Hard.
2043 1544 2214 1603 Vetus
2232 1544 2375 1619 apud
2404 1543 2582 1601 Da'lec.
2612 1568 2679 1600 ea

1646 1642 1732 1682 est.
1764 1632 1890 1681 Hoec
1910 1650 2000 1700 per
2018 1648 2167 1680 mare.
2194 1628 2375 1681 Dalec.
2406 1628 2587 1680 ElzeV.
2618 1638 2681 1680 et

1646 1711 1715 1763 al.
1748 1722 1869 1762 ante
1894 1707 2060 1761 Hard.
2102 1710 2205 1759 hoee
2238 1720 2338 1773 ese,
2384 1727 2475 1778 per
2517 1727 2669 1759 mare.

1648 1822 1731 1833 —-
1744 1791 1983 1841 Platonas
1999 1828 2015 1853 ,
2042 1801 2141 1841 etc.
2169 1788 2299 1840 Haec
2324 1798 2403 1839 est
2429 1786 2677 1839 Platonas

1649 1869 1895 1921 orientalis
1918 1869 2038 1920 Lin.
2054 1864 2281 1930 (Monoec.
2298 1868 2531 1939 ροζγαπᾰ.
2547 1885 2673 1937 gen.

1656 1952 1801 2003 2108
1821 1988 1837 2013 ,
1872 1948 2015 2001 Pers.
2046 1950 2303 2000 Ammae-
2334 1937 2528 2014 Jnsm),
2560 1964 2677 1998 rna-

1652 2046 1758 2099 gna
1788 2039 1841 2080 et
1870 2045 2091 2097 procera
2118 2028 2308 2093 arbor,
2344 2026 2525 2079 multis
2548 2022 2681 2077 vali-

1656 2106 1844 2179 disque
1868 2104 2138 2161 radicibus
2162 2107 2289 2160 nixa
2304 2146 2320 2171 ,
2340 2124 2517 2159 ramos
2538 2124 2683 2176 pra!-

1655 2188 1869 2257 longos,
1892 2186 2103 2257 patulos
2130 2200 2185 2239 et
2208 2184 2487 2239 frondibus
2518 2186 2680 2237 luxu-

1654 2266 1847 2319 riantes
1862 2266 1963 2317 late
1975 2284 2226 2337 spargens
2239 2282 2254 2329 ς
2276 2276 2331 2317 et
2344 2264 2467 2317 inde
2478 2282 2681 2317 nomen

1660 2346 1739 2397 illi
1765 2365 1793 2397 a
1826 2364 1995 2415 graeco
2020 2346 2233 2409 πλάτος,
2272 2342 2530 2409 latitudo,
2566 2345 2683 2395 sive

1660 2443 1691 2476 a
1712 2422 1973 2489 πὶξατὺνω,
2014 2423 2212 2490 dilato,
2238 2425 2295 2477 in
2328 2424 2493 2476 latum
2522 2420 2685 2475 didu-

1662 2522 1745 2557 co.
1788 2504 2047 2573 Antiquos
2088 2504 2231 2557 inter
2270 2502 2548 2573 scriptores
2589 2503 2683 2554 vix

1662 2584 1894 2655 reperias
1916 2583 2085 2635 ullum
2104 2614 2121 2642 ‚
2156 2584 2249 2653 qui
2280 2584 2396 2652 ejus
2424 2600 2539 2634 non
2564 2600 2683 2634 me-

1662 2662 1895 2715 minerit.
1906 2662 1953 2714 N
1957 2663 2117 2715 ullam
2135 2663 2279 2715 enim
2303 2680 2368 2713 ex
2386 2662 2688 2731 peregrinis

1660 2743 1903 2795 arborem
1944 2754 2217 2813 tantopere
2252 2742 2307 2792 in
2342 2738 2549 2793 deliciis
2574 2742 2686 2793 Ro-

1662 2822 1807 2874 mani
1850 2840 2097 2893 proceres
2137 2820 2396 2884 habuere,
2434 2819 2529 2889 qui
2568 2822 2687 2890 pla-

1662 2914 1813 2955 tanos
1842 2903 1897 2954 in
1927 2902 2087 2966 villis,
2130 2899 2295 2952 hortis
2314 2936 2329 2961 ‚
2368 2899 2687 2952 ambulacris

1664 2999 1868 3035 summa
1928 3000 2053 3033 cura
2104 2977 2357 3040 consitas,
2409 2976 2687 3049 diligentia

1664 3060 1966 3115 incredibili
1995 3060 2271 3122 colebant,
2292 3058 2497 3110 umbrie
2524 3055 2685 3112 dum—

1666 3154 1804 3195 taxat
1856 3141 2035 3211 gratia.
2090 3138 2307 3209 Quippe
2353 3154 2453 3189 nee
2504 3138 2687 3189 arbori

1666 3220 1872 3273 fructus
1892 3216 2063 3271 edulis
2082 3256 2099 3283 ‚
2129 3234 2295 3289 quare
2318 3218 2495 3268 sterilis
2507 3217 2689 3287 Virgi-

1664 3298 1739 3351 lio
1765 3296 1959 3350 dicitur
1978 3298 2177 3369 Georg.
2198 3298 2279 3361 11,
2308 3315 2404 3363 ‘7⁰3
2426 3314 2525 3349 nec
2545 3295 2689 3348 illius
2722 3288 2729 3296 ⁶

1665 3375 1733 3429 ad
1760 3375 2123 3430 sustentandas
2146 3376 2281 3430 vites
2296 3412 2311 3442 ‚
2344 3377 2476 3428 ulmi
2497 3376 2686 3438 instar,

1666 3456 1897 3521 utilitas3
1928 3454 2073 3509 unde
2102 3457 2311 3509 calibem
2337 3474 2453 3509 eam
2478 3456 2685 3527 elegan-

1670 3547 1751 3589 ter
1796 3536 2047 3589 Horatius
2094 3537 2325 3608 appellat
2374 3535 2550 3590 Carm.
2598 3534 2683 3591 11,

1680 3616 1747 3669 15
1767 3654 1783 3681 ‚
1826 3622 1875 3679 4.
1920 3616 2094 3671 Unica
2119 3619 2233 3688 ejus
2258 3612 2649 3673 commendatio
2668 3653 2686 3679 ‚

1671 3696 1894 3747 unicum
1924 3694 2087 3748 decus
2110 3734 2126 3760 .‚
2160 3709 2214 3749 et
2239 3694 2294 3748 id
2325 3692 2541 3766 quidem
2569 3694 2688 3746 bre·

1644 3774 2081 3840 ‘vissimum,scil.
2105 3794 2283 3847 opacae
2306 3773 2511 3827 frondis
2526 3790 2686 3825 amoe-

1671 3854 1825 3920 nitas,
1853 3874 1956 3926 qua
1976 3874 2074 3926 per
2098 3869 2323 3914 aestatem
2344 3863 2585 3924 potantes
2605 3872 2689 3923 ge-

1670 3934 1869 4005 nioque
1894 3952 1991 3988 suo
2026 3934 2355 4005 indulgentes
2388 3933 2653 3985 recreabat
2674 3972 2689 3995 ,

1666 4012 1872 4083 genialis
1900 4016 2023 4067 inde
2048 4026 2349 4085 nuncupata
2374 4010 2534 4067 ovid.
2558 4012 2683 4065 Met.
