2850 4684
1038 384 1348 452 LIBER
1390 386 1606 453 XVI.

2255 384 2393 461 563

253 512 669 608 longitudine
730 513 1107 607 quindecim
1162 515 1538 585 cubitorum
1559 570 1579 603 ,
1629 490 2064 587 crassitudine
2107 521 2396 613 quatuor

256 618 590 689 ulnarum.

366 726 622 795 LVIII.
677 726 999 809 Arbores,
1037 752 1199 821 quas
1240 728 1528 797 naturai*
1569 728 1960 817 debeamuS‚
1999 730 2210 800 tribus
2241 756 2388 801 mo·-
2432 768 2453 801 1
2491 786 2498 795 .

255 828 395 899 dis²
428 846 837 901 nascuntur:
870 847 1136 926 sponte,
1176 849 1293 903 aut
1330 836 1614 922 semine,
1651 850 1768 904 aut
1798 836 1884 904 ab
1920 835 2161 905 radice.
2209 839 2392 907 Cura

242 928 674 1006 'numerosior
695 939 943 1007 exsistit
972 964 988 1006 :
1019 939 1103 1008 de
1126 964 1257 1033 qua
1290 964 1411 1009 suo
1443 940 1735 1010 dicemus
1765 927 2173 1010 volumine³z
2211 968 2390 1014 nunc

257 1043 436 1110 enim
478 1056 655 1113 totus
704 1068 920 1113 sermo
968 1043 1052 1113 de
1099 1060 1335 1115 natura
1374 1061 1508 1132 est,
1551 1045 1774 1115 multis
1819 1046 2034 1117 modis
2069 1040 2386 1144 mirisque

258 1148 696 1219 memorabili.
744 1150 1051 1243 Namque
1094 1176 1230 1221 non
1268 1155 1494 1221 omnia
1547 1155 1614 1221 in
1656 1152 1964 1222 omnibus
2006 1152 2166 1223 locis
2209 1158 2392 1225 nasci

258 1252 607 1324 docuimus
625 1242 651 1287 ⁴

654 1308 673 1342 ,
712 1281 836 1325 nec
870 1254 1184 1326 translata
1222 1259 1467 1327 vivere.
1515 1261 1662 1329 Hoc
1705 1256 1864 1329 alias
1898 1258 2194 1346 fastidio,
2235 1260 2396 1333 alias

259 1363 707 1448 contumacia,
726 1364 963 1456 saepius
992 1364 1438 1434 imbecillitate
1461 1388 1720 1445 eorum,
1751 1389 1896 1458 quae
1923 1364 2394 1453 tranferantur,

257 1469 525 1553 evenit3
559 1466 717 1537 alias
753 1466 912 1537 caelo
950 1469 1323 1557 invidente,
1351 1468 1510 1539 alias
1538 1469 1681 1539 solo
1715 1486 2150 1565 repugnante.

362 1575 541 1641 LIX.
585 1573 856 1643 Fastidit
888 1574 1255 1645 balsamum
1288 1573 1446 1646 alibi
1477 1577 1658 1647 nasci
1678 1591 1878 1663 gnata
1909 1576 2209 1671 Assyria¹
2241 1602 2390 1648 ma-
2434 1609 2456 1643 1

254 1762 495 1815 oculatus
520 1762 665 1817 testis
690 1764 771 1817 Cl.
795 1764 1031 1817 ,Iacobus
1070 1766 1275 1819 Palme-

254 1842 369 1894 rius
392 1842 673 1895 Exci-citat.
698 1844 884 1896 Critic.
910 1841 980 1896 ad
998 1842 1271 1916 Theophr.

252 1920 352 1972 lib.
375 1922 450 1984 V,
477 1941 531 1992 p.
559 1922 697 1993 598,
720 1921 789 1975 de
817 1940 1019 1993 quercu
1047 1924 1275 1994 quadam

254 2012 529 2053 nunciam·
550 2001 778 2055 habente
822 2021 921 2054 xxv
974 2001 1137 2072 pedes
1186 2018 1277 2057 aut

250 2078 463 2132 circiter
484 2080 718 2151 longum,
731 2099 961 2133 crassum
975 2098 1102 2134 vero
1120 2085 1278 2136 unius

252 2158 408 2229 pedis
426 2196 443 2224 ,
464 2172 555 2212 aut
575 2161 737 2231 paulo
761 2160 936 2212 minus
970 2157 1232 2215 diametro
1258 2182 1271 2216 :

252 2238 371 2290 hnc
406 2252 688 2292 ventorum
720 2239 969 2293 violentia
996 2238 1199 2313 dejecta
1224 2255 1277 2295 et

258 2317 413 2369 humi
444 2332 703 2388 prostrata
725 2318 890 2390 jacuit
918 2338 1016 2389 per
1044 2320 1277 2373 duorum

250 2398 517 2449 mensium
539 2399 794 2469 spatium3
825 2412 1000 2469 postea
1026 2418 1175 2466 vero,
1198 2419 1277 2453 ra·

252 2476 359 2529 mis
384 2478 700 2547 amputatis,
728 2494 891 2529 onere
910 2478 1077 2531 levata
1098 2476 1276 2533 denuo

252 2568 443 2625 sponte
460 2558 765 2625 resurrexit,
781 2567 835 2607 et
857 2568 1123 2627 tamquam
1140 2557 1275 2611 nihil

249 2652 403 2707 paen
428 2634 615 2707 viguit.
648 2639 856 2690 Dauo.
902 2668 983 2677 —
1008 2637 1275 2690 Restibae'le‘s.

248 2715 633 2785 neget-minans
646 2754 661 2780 ,
674 2715 916 2768 restituta
934 2713 1275 2780 fecunditate,

248 2792 619 2865 σὲαλίμὸλαςος.
654 2795 836 2847 ΗΔΜ).

332 2874 534 2926 LVIII.
572 2892 595 2927 1
609 2914 621 2927 .
648 2874 865 2927 Arbores
881 2914 897 2939 ,
922 2892 1043 2944 quas
1067 2884 1273 2926 natura.

250 2951 375 3005 Non
398 2954 495 3006 arti
508 2989 524 3011 ‚
542 2971 651 3006 non
674 2972 818 3007 ουτω
831 2994 847 3018 ,
867 2964 959 3005 aut
979 2949 1272 3006 industrie.

248 3030 413 3085 Unde
444 3034 499 3083 in
546 3030 733 3086 Indice
774 3032 933 3103 hujus
976 3032 1099 3084 libri
1128 3032 1277 3085 locus

247 3110 341 3163 hic
366 3124 589 3165 notatur
610 3113 695 3165 his
712 3112 889 3165 verbis
912 3132 930 3169 t
960 3138 983 3161 ιι
1001 3111 1147 3177 Quot
1164 3130 1277 3163 mo·

246 3188 333 3243 dis
358 3204 547 3261 sponte
572 3204 864 3249 nascuntur
890 3192 1126 3243 arbores.
1148 3214 1171 3237 ι·
1203 3189 1271 3243 Η.

254 3296 263 3303 ·
341 3288 391 3322 a.
414 3270 787 3326 Tribusmodis.
810 3270 1180 3341 Tergeminam
1198 3289 1277 3323 ar·

248 3348 444 3403 borum
472 3351 735 3421 originem
764 3364 870 3404 tam
899 3352 1079 3421 paucis
1101 3350 1277 3403 verbis

247 3428 564 3499 perstrinxit
586 3468 603 3493 ,
631 3447 791 3501 quam
822 3430 1124 3483 luculenter
1146 3429 1275 3483 vir-

248 3506 409 3578 gilius
438 3509 697 3579 explicat,
736 3509 931 3579 Georg.
962 3510 1058 3562 lib.
1107 3510 1196 3572 11,
1221 3528 1272 3562 v.

254 3605 290 3655 9
301 3623 319 3650 ,
338 3589 697 3659 exemplisque
714 3588 943 3641 illustrat
957 3625 974 3652 ,
988 3606 1107 3659 quas
1124 3590 1276 3656 juvat

248 3665 339 3719 hic
364 3684 811 3719 commemorare:
850 3694 872 3714 ι
890 3666 1163 3738 Principio
1186 3686 1273 3721 ar·

246 3744 470 3797 boribus
498 3746 637 3801 varia
664 3759 743 3799 est
783 3759 971 3798 natura
994 3746 1269 3798 creandis:

248 3824 497 3895 Namque
526 3826 668 3890 alio,
687 3826 851 3879 nullis
874 3825 1156 3878 hominum
1180 3842 1271 3877 co-

248 3904 511 3973 gentibus,
538 3904 669 3975 ipsae
681 3904 887 3975 Sponte
902 3922 998 3958 sua
1019 3903 1268 3970 veniunt,

248 3998 573 4055 camposque
608 3997 665 4038 et
685 3984 908 4037 flumina
940 3984 1042 4038 late
1088 3984 1267 4037 Curva

1362 1778 1548 1819 tenent
1581 1786 1596 1818 ι
1642 1778 1702 1819 ut
1726 1766 1888 1819 molle
1915 1767 2041 1820 siler
2067 1806 2082 1835 ,
2125 1768 2390 1841 lentoeque

1358 1846 1596 1915 genista,
1609 1845 1928 1916 Populus,et
1945 1846 2128 1919 glauca
2146 1850 2389 1902 canentia

1360 1922 1556 1977 fronde
1586 1926 1786 1979 salicta.
1840 1926 1968 1978 Pars
1998 1938 2178 1979 autem
2205 1929 2382 1999 posito

1360 2016 1586 2073 surgunt
1616 2000 1684 2057 de
1715 2004 1946 2057 semine:
1969 2016 2032 2057 ut
2061 2006 2178 2059 alta
2205 2008 2382 2061 Casta-

1358 2100 1474 2134 neae
1492 2121 1507 2147 ,
1530 2078 1921 2155 nem'orumque
1942 2085 2066 2137 Jovi
2086 2104 2204 2157 quae
2228 2088 2386 2141 maxi-

1360 2180 1445 2214 ma
1479 2160 1692 2215 frondet
1717 2162 1964 2225 Esculus,
1994 2176 2150 2236 atque
2186 2165 2384 2219 habita

1359 2240 1540 2294 Graiis
1560 2242 1774 2294 oracula
1794 2260 2038 2313 quercus.
2065 2244 2300 2299 Pullulat
2316 2246 2385 2300 ab

1358 2318 1538 2373 radice
1577 2319 1692 2375 aliis
1735 2320 2040 2376 densissima
2093 2324 2224 2377 silva
2247 2342 2264 2377 ε
2307 2326 2386 2379 Ut

1360 2400 1578 2462 cerasis,
1605 2400 1903 2471 ulmisque;
1925 2402 2084 2455 etiam
2109 2403 2386 2459 Parnassia

1358 2479 1538 2531 laurus
1583 2480 1750 2533 Parva
1795 2480 1894 2531 sub
1946 2482 2151 2551 ingenti
2203 2484 2384 2537 matris

1358 2576 1413 2609 se
1449 2557 1664 2628 subjicit
1697 2558 1906 2611 umbra.
1933 2558 2046 2612 Hos
2065 2573 2254 2614 natura
2275 2581 2387 2615 mo·

1357 2634 1456 2689 dos
1480 2637 1716 2706 primum
1731 2634 1879 2687 dedit
1895 2655 1913 2702 ς
1934 2636 2019 2689 his
2035 2656 2203 2707 genus
2223 2658 2384 2693 omne

1356 2714 1623 2768 Silvarum
1664 2714 2030 2785 fruticumque
2069 2716 2205 2769 viret
2230 2755 2247 2783 ,
2287 2738 2381 2773 ne-

1358 2811 1679 2865 morumque
1691 2811 1976 2845 sacrorum.
1989 2792 2124 2846 Sunt
2135 2796 2381 2867 alii,quos

1357 2872 1470 2945 ipse
1497 2874 1582 2926 via
1602 2872 1704 2926 sibi
1729 2872 1969 2943 repperit
1985 2892 2130 2927 usus.
2149 2900 2172 2919 ι
2203 2874 2380 2940 Quam

1357 2953 1529 3006 multa
1553 2953 1748 3006 Noster
1771 2970 1932 3023 quam
1961 2952 2142 3023 paucis
2175 2968 2384 3010 contra·

1358 3032 1454 3085 xit.
1481 3030 1661 3085 Hum-

1443 3112 1496 3165 3.
1539 3110 1642 3164 Suo
1668 3111 1876 3163 dicemus
1909 3111 2167 3165 volumine.
2211 3115 2380 3169 Libro

1358 3190 1557 3255 XVII,
1585 3209 1702 3262 cap.
1729 3210 1800 3261 9:
1847 3216 1870 3239 ι
1893 3191 2054 3244 Nunc
2090 3190 2160 3244 de
2188 3193 2273 3246 his
2293 3212 2379 3248 ar-

1358 3271 1578 3324 boribus
1605 3270 1868 3337 dicemus,
1911 3288 2030 3341 quae
2057 3289 2184 3325 cura
2205 3272 2379 3327 homi-

1358 3368 1492 3405 num
1523 3364 1682 3421 atque
1714 3362 1826 3403 arte
1852 3352 2193 3421 proveniunt.
2220 3378 2244 3401 ι
2270 3352 2339 3406 Η.

1443 3435 1497 3491 4.
1530 3430 1810 3482 Docuimus.
1840 3430 1959 3482 Lib.
1981 3430 2119 3491 XII,
2143 3449 2190 3485 c.
2223 3450 2276 3502 7.
2307 3432 2378 3485 H.

1438 3508 1581 3561 LIX.
1615 3528 1665 3563 ι.
1699 3509 1840 3563 Nata
1861 3509 2070 3581 Assyria
2092 3512 2378 3564 malas.V0-

1357 3588 1536 3641 culam
1562 3602 1681 3639 nata
1703 3606 1768 3639 ex
1807 3586 1958 3640 MSS.
1981 3590 2112 3659 Reg.
2141 3590 2378 3645 Colbert.

1358 3668 1695 3738 Thuanoque
1719 3664 2026 3738 adjecimus.
2055 3667 2226 3739 Negat
2252 3670 2379 3724 alibi

1357 3747 1590 3801 feracem
1615 3746 1816 3800 malum
1847 3764 1961 3799 eam
1986 3750 2380 3821 esse,qmmvis

1356 3825 1485 3880 alibi
1517 3838 1713 3879 natam.
1743 3826 1830 3878 Sic
1855 3826 2032 3879 statim
2056 3824 2127 3879 de
2165 3829 2379 3899 palma:

1364 3921 1389 3949 t
1403 3906 1456 3959 N
1457 3924 1517 3958 ec
1543 3924 1652 3959 non
1679 3918 1732 3958 et
1753 3906 1930 3977 palma
1949 3905 2094 3959 nasci
2123 3907 2328 3979 ubique
2349 3933 2374 3955 ιι

1356 3983 1591 4051 fastidit,
1627 3997 1757 4039 «aut
1783 3998 1904 4039 nata
1941 4002 2148 4055 parere.
2171 4012 2194 4033 ι
2233 3986 2304 4040 Η.

1995 4088 2120 4159 36²
