2850 4684
521 382 659 462 244
1245 380 1793 447 EXCURSUS
1855 380 1907 445 Ι.

516 510 691 563 fructu
707 505 1091 571 laudatissimae,
1104 507 1159 558 in
1174 526 1321 559 sacro
1338 509 1600 576 reperitur
1622 508 1858 559 Hebroeoe
1879 506 2048 575 gentis
2061 504 2272 570 codice,
2291 506 2384 557 ubi
2409 509 2643 560 nomine

516 589 729 641 Dudaim
752 588 834 639 bis
858 584 1173 657 praedicatur
1187 625 1202 651 ,
1232 599 1342 638 tum
1364 588 1438 639 ob
1460 585 1660 657 saporis
1685 580 2020 638 dulcedinem
2035 623 2050 648 ,
2077 597 2190 637 tum
2223 586 2293 637 ob
2313 584 2494 637 odoris
2515 606 2643 639 sua-

518 670 722 719 vitatem
740 663 841 733 (1).
871 664 1025 718 Hunc
1057 678 1228 718 autem
1270 658 1504 718 fructum
1522 706 1538 728 ‚
1567 684 1742 736 neque
1774 664 2206 733 mandragoram,
2243 678 2302 717 ut
2327 666 2643 717 anctoritate

510 746 837 817 septuaginta
860 746 1205 815 interpretum
1238 744 1395 815 vulgo
1427 742 1682 807 creditur,
1705 762 1877 815 neque
1902 744 2060 795 alium
2083 744 2373 815 quemlibet
2398 744 2640 796 fructum

513 846 621 878 esse
652 838 741 877 aut
770 824 955 877 florem
974 862 990 885 ,
1035 823 1335 877 doctissime
1356 862 1371 889 ,
1420 823 1500 875 uti
1545 824 1773 888 solebat,
1817 836 1870 876 et
1911 824 2117 894 egregie
2168 824 2416 894 probavit
2467 825 2640 877 Olaus

512 905 711 959 Celsius
754 896 867 966 (a).¹
904 904 1108 956 Priscus
1137 903 1375 973 sequitur
1421 903 1714 962 Rabbinos,
1762 903 1854 974 qui
1899 902 2128 955 Dudaim
2176 903 2380 956 arboris
2427 913 2634 989 '‘U-”D

510 1003 743 1055 fructum
771 1018 879 1053 esse
898 998 1191 1051 docuerunt
1206 1037 1222 1063 ,
1237 1016 1351 1051 eam
1369 1016 1497 1052 vero
1514 1000 1756 1053 arborem
1777 1018 1901 1053 cum
1923 999 2033 1052 loto
2053 1000 2364 1054 Graecorum
2385 998 2636 1053 eamdem

510 1100 619 1135 esse
646 1079 857 1133 monuit
878 1082 985 1149 jam
1017 1078 1143 1131 Abu
1174 1078 1206 1129 ¹1
1237 1077 1384 1131 Fadli
1402 1116 1419 1143 ,
1461 1090 1594 1131 teste
1621 1077 1806 1133 eodem
1830 1079 2022 1131 Celsio.
2051 1079 2172 1133 Loti
2202 1079 2376 1149 itaque
2397 1080 2601 1149 species
2619 1119 2636 1143 ,

508 1172 563 1213 et
587 1162 696 1213 fere
719 1159 995 1212 Rhamnus
1020 1158 1169 1209 Lotus
1194 1157 1326 1223 fuit,
1356 1160 1506 1229 cujus
1535 1158 1737 1211 fructus
1763 1156 1990 1229 drupam
2018 1158 2152 1212 sistit
2171 1176 2596 1229 monopyrenam
2617 1198 2635 1223 ,

510 1254 562 1293 et
580 1239 779 1312 saporis
811 1237 943 1290 mira
968 1237 1221 1289 suavitate
1245 1249 1299 1288 et
1321 1228 1502 1289 odoris
1528 1238 1830 1308 prastantia
1854 1237 2165 1291 celebratam
2187 1276 2202 1303 ,
2231 1255 2350 1309 quae
2365 1218 2632 1290 Jacobixm

508 1318 859 1391 patriarcham
887 1335 1010 1369 cum
1042 1318 1267 1387 conjuge
1298 1316 1496 1368 iterum
1522 1315 1852 1380 conciliavit,
1889 1329 2049 1387 atque
2079 1317 2204 1369 huie
2243 1314 2634 1370 fecunditatem

508 1409 941 1549 cossgaraiiltiilue
962 1473 1189 1526 Dudaim
1216 1474 1533 1545 etymologia
1555 1472 1788 1545 perbelle
1817 1493 1942 1527 cum
1967 1480 2122 1527 λωτοῦ
2149 1472 2474 1527 derivatione
2497 1492 2632 1527 con-

507 1559 662 1627 gruit.
694 1556 841 1609 Sicut
888 1553 1027 1606 enim
1070 1572 1349 1641 nqN-nff
1378 1571 1406 1604 a
1433 1572 1562 1640 -ΗἹ
1606 1572 1770 1618 amor,
1815 1554 2040 1615 dilectus,
2086 1554 2154 1606 ita
2191 1557 2342 1616 λωτὸς
2369 1572 2399 1606 ι
2425 1554 2630 1607 Dorico

510 1656 671 1708 verbo
698 1659 767 1705 λῶ
790 1670 843 1721 q.
872 1652 1019 1715 θέλω,
1059 1649 1200 1703 unde
1222 1654 1307 1711 λῆς
1332 1650 1578 1722 frequens
1601 1652 1723 1703 satis
1746 1650 1802 1703 in
1839 1650 2123 1706 Theocrito
2153 1664 2205 1703 et
2231 1650 2598 1723 Aristophane
2615 1692 2632 1717 ,

509 1733 653 1788 unde
684 1746 737 1785 et
772 1730 925 1785 λωΐων
941 1770 956 1792 ,
997 1729 1163 1799 λῴων;
1198 1728 1401 1793 λώῑςος,
1447 1736 1600 1799 λῷςος
1627 1750 1644 1797 ;
1695 1731 1861 1782 melior
1875 1769 1890 1793 ,
1941 1733 2158 1800 optimus.
2207 1728 2452 1801 Euripidi
2503 1744 2629 1802 apte

506 1830 712 1866 amores
732 1822 986 1863 vocantur
1014 1806 1214 1863 deliciae
1238 1808 1367 1871 loti,
1389 1814 1545 1861 λωτοῦ
1571 1829 1626 1861 τι
1652 1811 1824 1881 ἔρωτες
1839 1849 1856 1877 ,
1875 1810 2010 1867 ἡλίου
2029 1808 2172 1880 ἁγναὶ
2201 1809 2330 1875 βόες.

587 1890 747 1944 Celtis
777 1900 854 1943 est
882 1888 1107 1941 australis
1129 1908 1217 1949 ea,
1247 1906 1405 1958 quam
1435 1886 1574 1940 inter
1599 1890 1768 1943 varias
1799 1888 1893 1943 loti
1920 1889 2122 1941 arboris
2139 1888 2353 1959 ⁴species
2374 1886 2629 1943 describit

506 1970 900 2039 Theophrastus
928 1963 1045 2032 (3),
1073 1968 1271 2020 excelsa
1310 1968 1500 2030 arbor,
1545 1966 1650 2037 piri
1681 1967 2042 2038 magnitudine
2084 1980 2174 2021 aut
2209 1968 2388 2039 paullo
2415 1969 2595 2021 minor
2613 2008 2630 2035 ,

507 2049 647 2101 foliis
678 2047 857 2101 incisis
872 2086 889 2111 ,
912 2046 1147 2109 serratis,
1168 2046 1312 2099 velut
1336 2044 1472 2098 ilicis
1497 2044 1628 2099 solia
1647 2084 1664 2110 ,
1689 2047 1837 2118 ligno
1867 2047 2157 2117 nigricante
2178 2086 2193 2112 ,
2223 2048 2400 2101 fructu
2445 2048 2626 2101 fabam

502 2128 773 2181 volumine
795 2136 1061 2196 aequante,
1090 2123 1436 2189 versicolore,
1465 2137 1624 2194 prout
1651 2127 1976 2192 maturescit;
2001 2127 2234 2197 primum
2263 2128 2404 2181 enim
2429 2126 2628 2193 viridi,

502 2219 682 2278 postea
706 2202 900 2256 flavido
916 2242 931 2268 ,
956 2202 1187 2273 deniqne
1208 2203 1519 2271 nigricante.
1549 2202 1692 2275 Apte
1711 2224 1826 2259 eam
1849 2206 2090 2258 arborem
2111 2206 2385 2277 distinguit
2406 2207 2470 2259 ab
2491 2206 2592 2260 alia
2607 2246 2624 2273 ,

504 2284 691 2339 iisdem
722 2282 917 2335 Africae
948 2282 1248 2351 regionibus
1276 2281 1554 2345 familiari,
1598 2302 1758 2353 quam
1790 2283 2019 2338 Rhamni
2064 2286 2290 2355 speciem
2333 2305 2626 2356 veramque

502 2363 726 2417 Homeri
765 2360 935 2413 lotum
976 2378 1109 2417 esse,
1136 2374 1317 2435 postea
1356 2360 1686 2417 docebimus.
1736 2363 1942 2416 Plinius
1987 2382 2116 2417 vero
2160 2366 2296 2417 male
2339 2363 2629 2419 confundit

504 2456 791 2513 utrumque
816 2458 1011 2509 genus,
1034 2438 1163 2491 dum
1182 2440 1335 2510 plura
1352 2480 1367 2505 ,
1398 2460 1514 2511 qnae
1536 2438 1604 2493 ad
1630 2443 1928 2494 Rhanmum
1950 2444 2120 2495 Lotum
2138 2444 2436 2515 pertinent,
2465 2462 2514 2496 e.
2537 2464 2621 2515 gr.

506 2524 690 2576 vinum
702 2540 765 2574 ex
778 2518 964 2589 drupis
990 2518 1308 2583 confectum,
1328 2519 1396 2572 ad
1420 2520 1594 2573 Celtin
1622 2522 1892 2575 transfert.
1907 2522 2220 2575 Cerasornm
2247 2541 2395 2576 more
2415 2524 2617 2579 fructus

500 2621 622 2655 suos
649 2599 868 2654 omnino
894 2598 1123 2669 profert,
1156 2616 1327 2670 neque
1363 2600 1507 2651 velut
1528 2612 1828 2669 myrtorum
1847 2640 1864 2663 ,
1894 2599 2040 2670 quod
2071 2599 2138 2654 de
2177 2602 2406 2655 Rhamni
2438 2604 2617 2673 specie

499 2683 650 2735 valet.
690 2678 961 2733 Excelsam
989 2676 1126 2729 hanc
1163 2679 1405 2731 arborem
1431 2678 1549 2747 ipso
1572 2679 1790 2732 nomine
1820 2679 1984 2732 Celtis
2012 2680 2230 2753 insignit
2271 2680 2474 2735 Plinius
2496 2719 2512 2742 ,
2555 2683 2612 2735 in

500 2761 707 2814 Italiam
746 2756 1041 2811 translatam
1080 2754 1317 2809 indolem
1370 2775 1518 2808 suam
1565 2759 1764 2811 exuisse
1802 2760 2084 2811 arbitratur
2107 2796 2124 2823 ,
2165 2772 2224 2811 ut
2274 2760 2442 2831 spinis
2477 2762 2618 2815 forte

502 2854 657 2912 atque
686 2837 877 2891 aculeis
909 2836 1091 2888 orbata
1124 2836 1220 2901 sit,
1254 2854 1436 2889 errore
1487 2832 1670 2889 eodem
1705 2836 1952 2891 seductus
1983 2826 2087 2905 (4).
2119 2837 2374 2891 Eamdem
2400 2858 2618 2912 quoque

498 2932 757 2973 senectam
783 2913 915 2969 adeo
940 2914 1125 2967 miram
1146 2915 1404 2986 attingere
1434 2926 1676 2978 testatur,
1720 2930 1781 2971 ut
1809 2917 1866 2969 in
1896 2917 2109 2971 Lucina
2137 2937 2256 2971 area
2286 2918 2472 2985 fuerit,
2499 2940 2618 2993 quo

497 3017 656 3054 ccccx.
678 3013 844 3047 annos
860 2996 969 3063 jam
996 2994 1197 3046 steterit
1220 2992 1319 3057 (5).

578 3078 748 3145 Hujus
784 3072 987 3126 arboris
1026 3072 1271 3125 materies
1305 3072 1589 3127 durissima
1620 3086 1673 3126 et
1717 3074 1826 3127 fere
1863 3094 2006 3128 ossea
2039 3071 2119 3139 (6)
2148 3096 2176 3129 a
2213 3076 2449 3148 pristinis
2489 3076 2618 3131 inde

495 3152 825 3225 temporibus
852 3148 921 3202 ad
947 3150 1088 3203 varia
1113 3152 1323 3222 opificia
1366 3165 1419 3205 et
1457 3152 1803 3207 instrumenta
1840 3154 2169 3208 conficienda
2213 3169 2460 3227 usurpata
2495 3157 2614 3210 fuit.

494 3234 819 3287 Fabulantur
833 3228 931 3300 ipsi
954 3228 1156 3282 Arabes
1174 3268 1189 3294 ,
1208 3230 1438 3293 tabulas,
1453 3232 1646 3302 quibus
1669 3231 1914 3286 Mosaicoe
1933 3233 2070 3305 leges
2094 3235 2360 3305 inscripta
2388 3237 2615 3303 fuerint,

492 3332 557 3367 ex
577 3313 680 3365 hoc
705 3310 852 3381 ligno
876 3308 1139 3369 confectas
1158 3326 1266 3361 esse
1292 3299 1393 3381 (7).
1416 3310 1707 3363 simulacra
1725 3312 1964 3365 Deorum
1993 3331 2057 3365 ex
2077 3312 2262 3367 eodem
2283 3314 2416 3367 olim
2439 3318 2616 3371 fabre·

552 3536 622 3599 (1)
653 3536 819 3581 Genea.
843 3536 999 3589 XXX,
1040 3541 1119 3589 ιι,
1142 3550 1178 3579 s.
1200 3532 1333 3580 Cant.
1362 3536 1479 3587 vn,
1516 3534 1569 3581 13
1589 3569 1602 3589 ‚
1631 3542 1700 3589 ¹4·

549 3616 619 3677 (a)
650 3616 705 3659 L.
739 3630 782 3659 c.
813 3612 1046 3673 vol.1,p.
1076 3628 1153 3661 ao.

548 3693 619 3757 (3)
650 3691 752 3738 Lib-
782 3692 864 3743 w,
888 3704 931 3734 θ.
956 3695 1011 3745 4,
1037 3704 1088 3750 P-
1118 3689 1190 3749 75.

548 3770 619 3831 (4)
650 3766 771 3813 Plin.
805 3764 888 3811 lib.
912 3766 1053 3821 1111,
1084 3780 1129 3810 ο.
1167 3781 1240 3823 ¹¹7·

548 3844 621 3906 (5)
654 3842 726 3887 n».
758 3840 842 3886 lib.
875 3840 1014 3893 XVI,
1046 3854 1087 3885 c.
1119 3846 1195 3894 4⁴.

546 3916 616 3979 (6)
646 3915 882 3976 Theophr.
910 3913 1027 3961 niat.
1050 3913 1194 3975 plant.
1218 3912 1300 3961 lib.
1324 3914 1373 3968 1,
1399 3927 1501 3977 ας),
1519 3932 1566 3977 p.
1595 3931 1684 3969 τος
1715 3916 1834 3964 Ptin.
1859 3918 1942 3965 lib.
1967 3920 2078 3969 xvl
2095 3950 2110 3971 ,
2133 3936 2173 3965 c.
2195 3918 2267 3967 38.

545 3992 617 4055 (7)
647 3990 897 4045 Herbelot,
926 3988 1148 4036 Biblioth.
1174 3987 1340 4036 orient.
1368 4004 1417 4051 p.
1441 3988 1561 4051 649,
1581 3990 1683 4049 706.
