2850 4684
1007 397 1313 464 LIBER
1367 396 1583 465 XIII.

2188 418 2325 491 ¹97

211 526 549 597 ablutione
569 514 592 551 ⁵
628 527 916 621 Augusti
945 551 1190 597 nomen
1226 528 1525 622 accepit:
1572 526 1741 597 sicut
1776 526 2060 595 secunda
2092 527 2333 613 Liviae,
2426 620 2437 635 ⁸

207 750 517 805 add-tione
533 750 712 821 prima
725 788 742 817 ,
764 750 1032 821 Augustaz
1059 749 1237 804 adula-

209 830 364 883 tione
389 828 659 894 munda,
682 830 929 895 Liviana,
957 842 1018 881 ut
1051 830 1238 883 obscu-

211 909 348 973 rius,
371 922 428 963 et
448 908 701 982 ignotius,
719 908 1014 979 ordineque
1033 920 1234 963 tantum

207 988 432 1041 tertium
475 991 590 1059 ejus
625 1007 825 1041 nomen
865 988 1026 1065 fuerit
1052 987 1236 1040 Hiera·

205 1068 334 1121 tien.
356 1070 430 1121 At
455 1085 618 1139 quam
645 1069 782 1138 juste
799 1105 816 1134 ,
855 1064 1088 1132 viderim
1111 1085 1234 1121 nam

205 1164 381 1215 quum
403 1148 567 1219 paulo
585 1158 708 1217 post
725 1164 918 1217 genera
934 1146 1233 1199 chartarum

205 1244 309 1295 pro
335 1224 638 1279 latitudinis
669 1224 968 1279 differentia
1005 1238 1236 1281 recenset

202 1318 418 1370 auctor,
444 1306 784 1376 emporetica
803 1302 994 1375 digitos
1013 1322 1100 1357 sex
1122 1321 1233 1357 esse

205 1385 322 1437 vult
349 1404 372 1439 a
411 1383 646 1448 Saitica,
681 1385 958 1454 pauciores
1001 1400 1224 1437 novem:

203 1461 492 1517 Fanniam
517 1460 704 1517 decem
725 1480 739 1516 ε
765 1462 1037 1517 mention
1065 1461 1233 1517 unde-

203 1541 311 1594 cim
325 1560 343 1595 ε
365 1541 587 1613 optimis
603 1561 753 1607 vero,
772 1561 936 1614 quum
953 1542 1233 1595 minimum

205 1618 418 1674 duabus
443 1619 700 1675 mdeczm
719 1660 736 1686 ,
758 1639 878 1693 quo
909 1638 1019 1675 esse
1042 1623 1230 1693 procul

206 1697 378 1754 dubio
417 1718 532 1753 non
567 1713 858 1771 potuerunt
894 1700 1032 1766 aliae,
1071 1718 1231 1771 quam

207 1780 450 1849 Augusta
481 1791 536 1830 et
565 1780 742 1842 Livia,
787 1778 1086 1833 adulatione
1121 1780 1230 1831 Au·

205 1858 346 1927 gusti
391 1870 446 1911 et
481 1858 674 1918 Livio,
713 1860 1008 1929 principem
1052 1859 1230 1911 locum

203 1948 374 1990 nacto
413 1937 640 2006 Augusti
679 1938 902 2002 uculo,
942 1938 1131 2007 rejecta
1173 1937 1232 1989 in

205 2015 384 2069 locum
404 2017 624 2069 tertium
645 2017 896 2069 bonitatis
908 2028 962 2068 et
981 2015 1228 2069 nobilita-

207 2094 272 2147 tis
297 2094 588 2149 Hieratica.
627 2096 764 2149 Nam
792 2094 1084 2148 Taniticaru
1109 2114 1229 2148 cor-

207 2173 296 2227 tici
343 2174 682 2247 propiorem,
731 2188 788 2229 et
825 2174 1060 2229 venalem
1099 2192 1231 2245 pon-

203 2250 357 2320 dere,
399 2272 515 2306 non
551 2255 814 2314 bonitate,
865 2254 922 2307 in
969 2272 1034 2306 eo
1076 2272 1228 2305 sensu

203 2332 528 2402 prater-itam
544 2372 560 2398 ,
585 2350 744 2385 nemo
771 2332 1062 2405 reposuerit
1091 2331 1230 2385 inter

203 2413 448 2483 optimas.
467 2410 554 2464 Ad
568 2412 899 2466 Guillandini
917 2412 1226 2485 opinionem

201 2490 553 2544 refellendam
569 2532 587 2556 ,
612 2490 966 2563 tuendamque
989 2490 1228 2543 Turnebi

203 2582 258 2621 et
297 2570 499 2623 Ruellii
543 2571 852 2625 sententiam
872 2609 889 2637 ,
929 2570 1034 2623 hoc
1068 2587 1228 2641 argu-

205 2662 454 2702 mentum
475 2652 598 2703 satis
619 2650 795 2703 fuerit.
821 2652 1028 2703 Verum
1052 2648 1226 2702 Livin-

202 2746 330 2781 nam
387 2741 444 2782 et
486 2731 772 2801 Augustam
827 2728 1065 2782 eamdem
1117 2746 1228 2780 nou

203 2806 368 2859 fuisse
401 2820 700 2863 monstrant
719 2808 1080 2880 apertissime,
1111 2824 1228 2879 qua

205 2904 336 2939 mox
359 2901 677 2959 sequuntur,
714 2914 736 2935 ·
756 2889 1000 2959 Augusto
1031 2888 1085 2938 in
1125 2888 1234 2957 epi-

201 2964 355 3019 stolis
378 2967 746 3021 auctoritatem
786 2986 935 3020 suam
959 2966 1197 3018 relictam
1215 3004 1231 3031 ,

205 3045 488 3099 Livianam
525 3064 653 3099 vero
683 3064 829 3100 suam
859 3046 1118 3110 tenuisse,
1141 3044 1230 3097 cui

201 3124 342 3177 nibil
371 3126 612 3196 primum
646 3138 779 3190 erat,
822 3123 915 3179 sed
937 3124 1120 3177 omnia
1146 3142 1228 3178 se-

203 3202 401 3257 cunda.
419 3230 443 3253 ι
475 3204 566 3257 Sic
594 3204 737 3257 enim
773 3205 828 3256 in
869 3204 1228 3275 manuscripto

205 3282 418 3353 legitur.
459 3282 614 3337 Ordo
635 3301 762 3354 ergo
791 3283 890 3337 fuit
915 3282 1005 3335 ille
1027 3282 1230 3335 charta·

203 3380 324 3413 rum
359 3360 496 3415 dum
527 3362 659 3415 vixit
677 3364 967 3434 Augustus,
995 3374 1230 3416 mutatus

204 3457 239 3493 a
279 3440 537 3507 Claudio,
589 3440 806 3495 densata
845 3442 1026 3495 charta
1044 3481 1060 3508 ,
1111 3460 1230 3513 qua

203 3520 402 3573 litteras
444 3521 520 3573 ob
565 3520 875 3574 tenuitatem
919 3522 1246 3583 transmitte,

209 3600 326 3665 hut,
363 3598 550 3653 addito
577 3600 741 3653 tertio
769 3600 914 3653 corio
933 3637 949 3665 ‚
996 3612 1052 3654 et
1077 3612 1230 3653 aucta

205 3678 480 3733 latitudine
537 3678 723 3750 digitis
771 3680 984 3749 aliquot.
1039 3680 1230 3732 Strabo

205 3758 290 3811 lib.
323 3758 421 3812 ult.
451 3758 776 3811 Hier-aticum
794 3796 809 3821 ,
833 3777 940 3810 non
970 3759 1234 3826 chartam,

201 3836 288 3891 sed
305 3856 580 3913 papyrum
597 3837 830 3907 appellat
842 3875 857 3902 ,
875 3837 1230 3891 abundantem

202 3930 250 3971 et
271 3918 548 3991 precipue
573 3917 771 3970 cultam
793 3916 1043 3970 inferiore
1065 3917 1231 3969 Deltae

199 4012 378 4071 parte,
411 4014 648 4069 eamque
679 3994 982 4067 duplicem,
1013 3996 1232 4051 alteram

1319 750 1735 821 prestantiorem
1750 789 1767 819 ,
1810 750 2055 805 viliorem
2098 751 2332 807 alteram.

1316 830 1719 901 Memphiticsm
1744 830 1984 883 chartam
2022 829 2167 882 idem
2200 832 2335 884 Tur·

1318 910 1487 961 nebus
1504 908 1685 980 prodit
1704 909 1993 963 inauditam
2006 948 2021 973 ‚
2042 921 2095 961 et
2115 909 2335 963 minime

1317 989 1385 1041 ab
1417 988 1531 1043 aliis
1556 989 1901 1060 scriptoribus
1936 1000 2167 1042 notatam
2184 1026 2201 1053 ‚
2240 988 2331 1041 de·

1317 1080 1501 1138 ceptus
1518 1069 1719 1123 Lucani
1744 1088 1899 1123 versu
1914 1108 1929 1131 ‚
1960 1084 2121 1139 quem
2140 1066 2331 1123 Isidor.

1315 1159 1631 1215 corruptum
1666 1148 1741 1201 sic
1778 1150 1959 1212 refert,
1994 1173 2016 1196 ι
2038 1147 2335 1201 Conficitur

1315 1226 1498 1279 bibula
1510 1226 1819 1299 Memphitis
1846 1226 2025 1281 charta
2048 1245 2275 1299 papyro:
2302 1254 2326 1275 ι

1315 1324 1483 1377 quum
1506 1305 1789 1377 legendum
1816 1308 1882 1360 sit
1899 1347 1916 1373 ,
1952 1318 2012 1359 ut
2043 1318 2191 1359 antea
2216 1325 2334 1358 mo·

1311 1384 1547 1453 unimus,
1580 1412 1603 1433 «ι
1630 1386 1937 1441 Conseritur
1960 1385 2141 1440 bibula
2164 1386 2335 1438 Mem-

1314 1464 1477 1534 phitis
1506 1466 1697 1535 cymba
1719 1484 1947 1538 papyro.
1974 1490 1998 1511 n
2044 1490 2069 1513 e
2086 1465 2334 1530 Conseri,

1315 1543 1548 1608 contexi,
1580 1544 1661 1597 sui
1694 1562 1851 1597 naves
1878 1570 1900 1593 ι
1934 1546 2153 1597 Veteres
2186 1544 2333 1597 dixe-

1312 1635 1471 1676 runt:
1508 1623 1653 1676 unde
1678 1649 1702 1672 ι
1728 1625 1941 1693 Sparten
1971 1623 2143 1676 serilia
2166 1648 2189 1671 ι
2206 1660 2223 1686 ,
2246 1624 2331 1675 su·

1312 1720 1407 1756 nes
1436 1714 1672 1773 sparteos
1708 1701 1777 1754 sd
1812 1720 1933 1755 eum
1977 1719 2129 1754 usum
2172 1699 2334 1754 desti·

1311 1792 1465 1835 natos
1506 1778 1645 1833 dixit
1686 1780 1943 1834 Pacuvius
1989 1781 2047 1832 in
2094 1779 2329 1852 Niptris:

1320 1884 1344 1907 ι
1373 1860 1487 1913 Nec
1532 1860 1638 1911 ulla
1678 1861 1893 1913 subscus
1935 1858 2148 1913 cohibet
2194 1879 2336 1912 com·

1312 1956 1497 2009 pagem
1524 1938 1686 2002 alvei,
1710 1938 1802 1991 sed
1818 1950 1931 1992 suta
1952 1940 2086 2004 lino,
2113 1950 2165 1991 et
2194 1958 2336 2011 spar-

1312 2019 1410 2071 teis
1446 2018 1704 2071 serilibus.
1739 2042 1761 2063 ι·
1811 2017 1945 2071 Inde
1996 2030 2049 2071 et
2097 2043 2119 2065 ιι
2148 2016 2333 2071 Serilia

1310 2098 1495 2149 Istrica
1544 2096 1799 2159 Liburni,
1825 2121 1848 2143 ι
1904 2115 2067 2168 eaque
2123 2098 2333 2169 navigia

1310 2177 1441 2229 olim
1496 2174 1759 2229 dixerunt.
1820 2176 2091 2231 Nostrates
2146 2194 2331 2230 eorum

1310 2255 1517 2309 funium
1546 2256 1665 2309 loco
1690 2256 1725 2307 J
1726 2255 1935 2327 uniperi
1961 2255 2124 2325 virgis
2146 2268 2335 2309 contu-

1311 2334 1406 2400 sis,
1440 2346 1493 2388 et
1517 2353 1733 2402 musco,
1766 2336 1980 2389 navium
2021 2336 2332 2388 commissu-

1311 2431 1398 2466 ras
1448 2414 1687 2486 explent,
1733 2413 1926 2468 additis
1979 2414 2334 2467 subscudibus

1313 2494 1495 2547 ferreis
1514 2533 1530 2557 ,
1557 2513 1686 2565 quas
1707 2506 1901 2547 vocant
1926 2495 2128 2565 happes,
2162 2494 2333 2551 Graeci

1313 2572 1578 2643 ἀγκτῆρας.
1606 2574 1741 2625 Du..

1395 2650 1447 2705 5.
1484 2652 1610 2721 Quae
1634 2650 1889 2703 abluta‘one.
1913 2648 2001 2704 Sic
2022 2651 2176 2703 MSS.
2201 2652 2331 2721 Reg.

1313 2730 1470 2783 Colb.
1501 2730 1722 2803 aliique,
1778 2739 1831 2781 et
1877 2746 2011 2799 quos
2051 2729 2335 2782 Turnebus

1311 2807 1473 2875 vidit,
1528 2809 1645 2880 ipso
1698 2806 1958 2879 prodente
1979 2849 1996 2871 ,
2051 2805 2187 2861 Λᾶν.
2236 2808 2334 2862 lib.

1317 2888 1459 2951 vn,
1493 2906 1609 2959 cap.
1635 2906 1698 2951 2,
1730 2904 1849 2957 pag.
1894 2903 1997 2955 19²
2022 2923 2037 2950 ,
2070 2904 2183 2939 non
2214 2886 2335 2939 adu·

1316 2968 1512 3019 latione.
1571 2966 1835 3021 Hieraties
1860 3003 1879 3031 ‚
1917 2964 2119 3037 inquit,
2162 2985 2331 3036 quum

1314 3046 1539 3100 officinae
1564 3038 1788 3098 Romam
1810 3044 2068 3099 mnslatoe
2095 3057 2249 3109 sunt,
2275 3046 2331 3098 in

1316 3126 1544 3197 Augusti
1589 3142 1783 3177 nomen
1832 3124 2068 3191 transiit,
2119 3123 2331 3195 quando

1314 3204 1389 3257 ibi
1404 3204 1514 3257 lota
1535 3201 1837 3273 diligentius
1865 3216 1916 3256 et
1942 3216 2215 3257 retractata
2236 3216 2328 3257 est.

1316 3283 1402 3336 Sic
1428 3284 1592 3337 Liviae
1615 3301 1811 3335 nomen
1837 3283 2069 3355 accepit,
2112 3302 2231 3353 quae
2252 3302 2332 3336 se-

1314 3360 1502 3415 cundae
1526 3375 1665 3416 noto
1688 3362 1797 3415 sive
1819 3362 2097 3429 bonitatis,
2116 3362 2239 3433 quia
2268 3382 2333 3416 ex

1315 3438 1559 3495 secundis
1621 3441 1847 3513 philuris
1900 3454 2013 3494 erat
2074 3453 2329 3495 contexta.

1314 3522 1590 3574 Hieraticoe
1636 3520 1919 3593 appellatio
1968 3521 2137 3575 tertiae
2186 3521 2337 3575 attri-

1313 3599 1473 3660 buta,
1506 3601 1630 3672 quia
1657 3620 1719 3653 ex
1745 3600 1941 3665 tertiis;
1968 3600 2104 3654 sicut
2122 3600 2334 3671 amphi-

1315 3679 1567 3733 theatrica
1596 3698 1659 3733 ex
1684 3680 1899 3751 quartis,
1922 3681 2067 3732 etita
2090 3678 2338 3750 deinceps

1314 3758 1534 3825 ordine,
1574 3759 1763 3813 Saitica
1781 3798 1796 3825 ,
1821 3759 2103 3813 Taneotica
2131 3770 2183 3811 et
2214 3760 2339 3811 Em·

1316 3840 1580 3911 poretiea,
1606 3857 1724 3911 quas
1751 3856 1819 3891 ex
1844 3838 2127 3910 postremis
2154 3838 2337 3909 phily-

1317 3920 1423 3984 ris,
1452 3918 1745 3990 corticique
1784 3918 2041 3989 proximis
2075 3914 2339 3970 conflaba-

1321 4010 1424 4052 tur.
1456 3999 1639 4051 Hsnn.

1903 4084 2025 4170 13³
