2850 4684
1023 345 1340 413 LIBER
1392 347 1597 413 XIV.

2218 341 2372 437 3²⁸9

245 489 447 560 tores,
496 487 565 542 et
619 474 793 568 pigri
834 474 1011 542 circa
1052 473 1345 568 pericula
1387 475 1640 545 arbusti
1663 459 1710 542 ⁶.
1755 475 1855 542 M.
1887 475 2102 542 Varro
2140 489 2376 543 auctor

243 569 373 663 est,
409 581 823 650 Mezentium
862 583 1149 649 Etruriae
1192 605 1417 676 regem
1468 579 1782 650 auxilium
1828 577 2096 648 Rutulis
2142 595 2376 649 contra

244 689 515 756 Latinos
556 684 781 754 tulisse
821 687 959 754 vini
1000 687 1339 769 mercede,
1389 687 1569 781 quod
1611 701 1754 756 tum
1797 686 1869 755 in
1923 685 2166 754 Latino
2214 709 2376 780 agro

245 790 487 862 fuisset.
535 783 757 882 (1111.)
803 794 958 862 Non
997 790 1237 862 licebat
1270 792 1337 862 id
1374 793 1634 864 feminis
1670 795 1904 861 Romae
1942 791 2231 861 bibere7.
2263 794 2374 860 In·
2414 818 2443 851 π

247 899 553 967 venimus
578 898 751 966 inter
786 896 1087 992 exempla
1110 951 1129 984 ,
1164 899 1432 994 Egnatii
1475 884 1800 968 Mecenii⁸
1845 921 2118 966 uxorem
2141 951 2159 984 ‚
2197 897 2379 994 quod

248 1005 481 1073 viuum
540 1003 814 1074 bibisset
844 1028 883 1074 e
924 1003 1137 1090 dolio,
1173 1003 1588 1074 interfectam
1622 1004 1778 1073 fusti
1815 1028 1856 1072 a
1891 1005 2161 1092 marito,
2191 1029 2382 1072 eum·

324 1184 379 1233 6.
436 1177 659 1235 Arbusti.
713 1165 921 1233 Vitium
986 1180 1270 1234 arboribus

249 1259 639 1332 applicita-um.
662 1259 847 1312 Hann-

319 1359 371 1408 7.
404 1338 525 1391 Non
568 1339 745 1390 licebat
784 1337 841 1390 id
864 1337 1067 1402 feminis
1102 1339 1269 1392 Roma

250 1418 401 1470 bibere
428 1417 575 1471 Vide
591 1417 712 1470 val.
745 1417 893 1470 Max.
919 1417 1017 1470 lib.
1044 1419 1127 1482 11,
1148 1435 1267 1490 cop.

258 1518 307 1552 ι.
336 1496 535 1551 Scribit
562 1495 769 1550 Gellius
801 1516 1044 1550 romanas
1087 1499 1271 1550 mulie-

249 1595 333 1630 res
372 1594 491 1630 usas
534 1575 589 1627 in
634 1588 771 1648 potu
822 1577 1037 1641 laurea,
1080 1595 1269 1648 passo,

250 1655 529 1710 mun-hina
552 1673 569 1708 ε
598 1674 707 1728 quo
732 1657 851 1710 loco
869 1659 1081 1710 lauream
1102 1657 1271 1711 loram

251 1755 360 1790 esse
400 1735 724 1806 intelligunt.
773 1735 1098 1790 Grandiores
1142 1749 1270 1789 natu

252 1815 470 1868 feminas
506 1827 694 1868 auctor
736 1829 817 1868 est
860 1817 1037 1868 Varro
1088 1815 1273 1868 bibere

251 1895 427 1947 solitas
444 1893 646 1952 loram,
690 1913 932 1964 poscam,
969 1893 1270 1959 defrutum,

252 1991 461 2044 pessum
490 2010 507 2033 .
568 1972 714 2044 quod
765 1992 797 2027 a
834 1973 1025 2026 Plauto
1069 1971 1273 2026 dictum

252 2055 441 2106 volunt
502 2053 860 2106 murt-binam.
926 2051 1104 2105 Rhod.
1176 2053 1271 2104 lib.

254 2133 467 2192 xvln.
486 2149 605 2202 cap.
624 2131 713 2203 37.
736 2133 991 2195 Mulieres
1012 2149 1275 2198 romanas,

253 2225 465 2274 servos‚·
498 2211 739 2282 ephebos
778 2209 848 2263 ad
884 2229 1079 2264 annum
1108 2229 1277 2283 usque

254 2291 581 2345 tricesimum
600 2329 617 2354 ‚
658 2291 904 2344 mulieres
936 2291 1063 2342 item
1097 2290 1278 2343 Massi-

252 2370 440 2424 lienses
468 2371 597 2422 vino
622 2370 931 2422 abstinuisse
948 2370 1111 2424 refert
1130 2369 1274 2422 idem

256 2461 459 2510 auctor,
484 2449 581 2502 lib.
597 2449 841 2502 xxvm
854 2487 871 2511 ,
894 2467 1008 2520 cap.
1034 2451 1085 2502 5.
1109 2447 1278 2519 Apud

254 2531 520 2600 Agellium
554 2530 689 2583 Cato
731 2529 785 2580 in
804 2541 1015 2581 oratore
1033 2526 1101 2581 de
1122 2527 1277 2582 dote:

261 2635 283 2657 ι
312 2610 445 2674 vir,
472 2608 575 2661 nisi
607 2627 771 2680 quum
797 2606 1089 2660 divortium
1124 2607 1281 2670 facit,

256 2688 471 2742 mulieri
498 2685 665 2758 judex
692 2700 745 2741 et
780 2705 883 2757 pro
918 2705 1137 2740 censore
1162 2699 1277 2740 est:

254 2769 541 2838 imperium
555 2766 728 2838 ,quod
755 2764 969 2820 videtur
985 2803 1002 2829 ,
1030 2767 1190 2819 hebet
1206 2785 1219 2819 :
1238 2767 1282 2818 si

258 2847 389 2918 quid
402 2865 652 2918 perverse
674 2859 910 2916 tetreque
936 2846 1132 2899 factum
1156 2858 1233 2898 est
1251 2863 1283 2898 a

256 2927 481 2980 muliere
496 2965 512 2990 ,
530 2927 820 2980 multatur:
844 2926 887 2978 si
904 2926 1087 2978 vinum
1113 2926 1281 2986 bibit,

258 3006 305 3058 si
360 3023 488 3059 cum
542 3006 718 3060 alieno
766 3005 885 3057 viro
924 3004 1055 3076 quid
1097 3005 1288 3075 probri

260 3085 383 3138 feeit
410 3125 427 3149 ‚
470 3084 889 3146 condemnatur,
932 3097 1033 3137 etc.
1074 3109 1098 3130 ι
1142 3085 1284 3155 Lips.

260 3164 354 3216 lib.
378 3167 405 3218 1
421 3203 439 3228 ,
474 3183 591 3236 cap.
622 3166 704 3218 13.
727 3162 885 3235 Apud
910 3163 1145 3216 Nonium
1172 3163 1290 3215 Cic.

258 3245 343 3296 111
391 3244 463 3297 de
508 3246 640 3316 Rep.
676 3269 701 3292 ι
758 3245 837 3296 Ita
880 3261 1129 3314 magnam
1178 3243 1287 3294 vim

260 3323 423 3377 babet
460 3322 741 3396 disciplina
786 3321 1122 3376 verecundioe
1148 3343 1161 3374 ε
1193 3323 1291 3376 Ce-

262 3416 380 3456 rent
391 3415 587 3458 temeto
599 3421 785 3456 omnes
802 3404 1071 3456 mulieres.
1093 3428 1115 3449 ι
1134 3401 1285 3455 Idem
1304 3459 1313 3470 ,

262 3481 356 3536 lib.
384 3483 465 3534 lv
489 3499 505 3535 ε
536 3509 559 3531 ι
592 3485 769 3552 Atque
794 3483 947 3534 etiam
975 3482 1017 3534 si
1050 3501 1155 3552 qua
1178 3494 1291 3534 erat

263 3562 461 3614 famosa
481 3601 499 3627 ‚
542 3561 594 3614 ei
624 3561 869 3632 coguatio
899 3561 1139 3614 osculum
1178 3579 1289 3613 non

263 3641 483 3694 ferebat.
502 3667 525 3688 a·
550 3641 713 3711 Apud
741 3641 1062 3694 Athenarum
1078 3679 1094 3705 ‚
1111 3639 1297 3702 nux,

264 3720 519 3794 Polybius
530 3721 717 3773 scribit
735 3758 752 3785 ,
777 3721 935 3774 etiem
956 3722 1110 3773 nullo
1124 3716 1291 3771 modo

266 3801 445 3853 tallere
508 3799 747 3870 potuisse
806 3817 924 3871 quae
980 3799 1239 3851 bibissent
1274 3835 1291 3862 ,

265 3897 431 3950 quum
482 3897 601 3932 mos
633 3878 725 3932 ille
762 3897 914 3933 mane
957 3880 1096 3949 ipsas
1134 3895 1289 3930 oscu-

266 3957 408 4012 landi
431 3977 493 4012 en
530 3957 599 4011 de
626 3975 778 4011 causa
822 3959 891 4011 sit
932 3959 1205 4019 inventus,
1240 3967 1293 4008 et

1358 1181 1572 1234 illerum
1613 1197 1758 1234 curae
1801 1198 1915 1233 non
1959 1179 2383 1234 committeretur

1358 1261 1490 1314 cella
1510 1259 1730 1315 vinaria.
1745 1259 2020 1314 Victorius
2035 1299 2050 1324 ,
2063 1261 2160 1314 lib.
2176 1260 2382 1322 XXIV,

1356 1358 1474 1410 cap.
1507 1360 1561 1410 7.
1587 1341 1796 1394 Datne.
1813 1363 1894 1376 --
1915 1341 2030 1393 Non
2052 1339 2240 1391 licebat.
2263 1339 2387 1392 Gel-

1358 1420 1490 1480 lius‚
1525 1420 1621 1473 lib.
1645 1419 1696 1472 X
1717 1457 1735 1483 ‚
1759 1437 1880 1490 cup.
1917 1420 1987 1473 28
2012 1457 2030 1482 ,
2062 1436 2186 1490 pag.
2221 1419 2334 1473 556
2362 1437 2379 1472 :

1360 1519 1383 1542 =
1412 1498 1668 1552 Mulieres
1683 1501 1898 1560 Romae,
1918 1498 2122 1570 inquit,
2144 1510 2304 1568 atque
2327 1499 2385 1550 in

1358 1579 1539 1644 Latio,
1565 1578 1750 1631 bibere
1779 1577 1956 1632 solitas
1986 1578 2166 1630 ferunt
2187 1578 2354 1630 loram
2371 1617 2386 1640 ‚

1360 1675 1602 1728 passum,
1629 1657 1988 1728 ‚muri-binam
2011 1695 2026 1722 ,
2070 1669 2120 1710 et
2165 1676 2286 1728 quse
2327 1656 2386 1709 id

1361 1753 1530 1809 genus
1552 1737 1786 1809 sepiant,
1811 1749 1944 1808 potu
1975 1735 2170 1789 dulcia.
2192 1763 2214 1782 ι
2247 1733 2388 1788 Vide

1363 1827 1417 1868 et
1467 1815 1630 1869 Dion.
1658 1815 1826 1884 Halic.
1857 1817 1951 1868 lib.
1994 1817 2080 1877 11,
2123 1834 2241 1887 pag.
2290 1819 2386 1884 96.

1362 1893 1536 1948 Addit
1557 1894 1794 1948 AEliauns
1819 1896 2023 1948 Vnt-ier.
2045 1895 2138 1947 lib.
2156 1896 2210 1947 11
2225 1933 2241 1957 .,
2272 1913 2387 1966 cap.

1365 1974 1440 2029 38
1458 2013 1473 2036 ‚
1499 1991 1599 2027 nec
1619 1973 1828 2026 licuisse
1846 1975 2093 2045 cuiquam
2124 1974 2390 2026 nobilium

1364 2072 1391 2105 a
1417 2055 1562 2124 pube
1592 2052 1659 2106 ad
1689 2071 1887 2106 annum
1913 2073 2050 2106 xxxv
2087 2054 2274 2106 vinum
2301 2055 2388 2106 bi-

1362 2133 1506 2185 bere.
1535 2131 1718 2184 Hum.
2074 2139 2078 2142 ’

1447 2215 1504 2265 8.
1532 2211 1741 2264 Metelli.
1769 2211 1889 2264 vai.
1921 2211 2015 2265 lib.
2041 2213 2150 2274 vl,
2182 2231 2298 2285 cap.
2324 2215 2390 2280 3;

1368 2291 1581 2344 Gellius
1597 2329 1612 2355 ,
1642 2290 1736 2344 lib.
1752 2291 1832 2342 vl
1851 2331 1866 2356 ,
1887 2291 2085 2363 cap.23
2110 2311 2125 2356 3
2150 2291 2400 2362 Sigonius

1366 2368 1582 2442 dejure
1615 2381 1722 2423 ant.
1767 2371 1924 2422 Rom.
1957 2370 2051 2424 lib.
2082 2372 2142 2434 1,
2193 2390 2312 2443 cap.
2343 2391 2398 2441 9.

1364 2478 1446 2490 -—-
1469 2451 1684 2520 Egnatie'
1709 2449 1937 2503 Mecenii.
1968 2449 2253 2519 Egnatium
2281 2451 2402 2503 Me-

1370 2529 1552 2582 tellum
1595 2541 1748 2581 vocat
1791 2529 1914 2581 val.
1959 2529 2107 2582 Max.
2155 2529 2249 2581 lib.
2289 2531 2402 2595 VI,

1368 2626 1486 2680 cap.
1518 2609 1580 2672 3,
1607 2625 1724 2678 pag.
1761 2607 1866 2669 304
1887 2645 1903 2670 ,
1947 2609 2164 2679 ejusque
2205 2608 2402 2662 factum

1369 2688 1446 2740 nit
1473 2705 1582 2740 non
1603 2697 1904 2740 accusatore
1927 2697 2132 2737 tantum
2150 2725 2166 2750 ,
2201 2685 2294 2738 sed
2325 2702 2407 2740 re·

1372 2767 1694 2838 prebeusore
1734 2765 1980 2818 caruisse.
2034 2765 2238 2817 Verum
2291 2783 2404 2819 non

1370 2845 1680 2908 Metellum,
1715 2841 1806 2896 sed
1834 2843 2135 2896 Menenium
2175 2846 2406 2916 appella·

1376 2937 1490 2978 tum
1523 2943 1634 2978 esse
1652 2961 1668 2988 ,
1693 2922 1839 2976 testis
1856 2935 1933 2975 est
1953 2935 2142 2994 prater
2169 2923 2406 2977 Plinium

1375 3004 1748 3058 Tertullianus
1787 3001 1844 3054 in
1877 3002 2112 3074 Apolog.
2155 3021 2273 3073 cap.
2319 3008 2352 3057 6
2387 3023 2402 3056 τ

1384 3109 1407 3132 α
1449 3083 1602 3138 Circa
1645 3081 1868 3136 feminas
1904 3081 2119 3153 quidem
2141 3124 2156 3147 ‚
2203 3081 2408 3153 inquit,

1379 3162 1540 3216 etiam
1573 3162 1684 3233 ipsa
1724 3161 1813 3214 illa
1855 3163 2116 3232 majorum
2169 3161 2409 3216 instituta

1378 3239 1715 3306 ceciderunt,
1765 3259 1885 3311 qun
1925 3241 2193 3295 sobrietati
2227 3255 2409 3313 patro-

1376 3320 1748 3374 cinabantur...
1773 3340 1940 3392 quum
1977 3319 2224 3374 mulieres
2242 3339 2410 3394 usque

1377 3399 1516 3454 edeo
1552 3402 1680 3454 vino
1717 3400 2071 3464 abstinerent,
2119 3413 2182 3453 ut
2219 3415 2413 3454 matro-

1376 3497 1501 3533 nam
1521 3481 1591 3532 ob
1613 3481 1906 3551 resignatos
1926 3481 2072 3533 celloe
2093 3479 2309 3532 vinaria
2331 3481 2410 3533 lo-
2448 3486 2461 3502 '

1376 3561 1529 3629 culos
1556 3560 1639 3613 sui
1671 3559 1849 3612 inedia
1875 3559 2114 3614 necarint
2140 3578 2153 3610 ε
2185 3561 2284 3612 sub
2309 3561 2414 3620 Ro-,

1377 3641 1527 3692 mulo
1565 3657 1695 3692 vero
1740 3657 1857 3711 quae
1901 3639 2085 3710 vinum
2134 3645 2411 3709 attigerat,

1378 3720 1644 3788 impunes
1669 3719 1913 3773 Mecenio
1935 3719 2126 3771 marito
2151 3720 2412 3773 trucidata

1379 3811 1473 3850 est.
1517 3798 1728 3851 Idcirco
1770 3812 1821 3851 et
1873 3797 2051 3850 oscula
2093 3799 2414 3870 propinquis

1382 3879 1580 3930 offerre
1627 3878 1906 3932 necessitas
1946 3891 2089 3940 erat,
2121 3890 2178 3930 ut
2216 3877 2414 3948 spiritu

1378 3955 1761 4026 judicarentur.
1787 3982 1810 4003 ι
1843 3954 2029 4008 Ηυιυ.
