2850 4684
520 402 663 493 194

1042 399 1121 467 C.
1176 399 1516 465 PLINII
1571 392 1790 466 NAT.
1842 395 2096 468 HtsT.

510 554 645 597 non
684 512 997 657 amplius⁵
1002 528 1395 596 cubitorum
1428 528 1880 622 longitudine
1862 554 1928 597 m
1972 529 2400 623 gracilitatem
2439 532 2642 604 fasti-

511 618 795 727 gatum‘3,
840 634 1045 726 thyrsi
1084 632 1283 701 modo
1318 649 1633 703 cacumen
1667 634 2045 703 includens⁷
2086 638 2335 707 semine
2351 626 2636 725 ⁸nullo‚

506 754 620 808 aut
660 763 784 808 usu
814 738 954 832 ejus
984 736 1143 824 alio,
1201 762 1397 833 quam
1437 740 1616 808 floris
1653 740 1737 808 ad
1779 740 1936 809 deos
1973 742 2638 815 coronandos-‚2112-

501 914 763 987 scipiones
782 911 1023 965 habuisse
1052 929 1105 963 se
1137 911 1319 964 scribit
1344 911 1516 965 Goro·

501 994 623 1064 pius
648 995 907 1057 Becanus,
938 989 1172 1061 Hierogl.
1204 990 1299 1044 lib.
1342 991 1422 1055 X,
1462 1011 1516 1062 p.

510 1074 865 1142 162.1taque
912 1068 979 1122 de
1022 1070 1169 1121 caule
1188 1070 1518 1157 accipienda

504 1153 619 1205 haec
645 1150 915 1221 Theophr.
946 1147 1139 1201 verba:
1172 1158 1241 1201 Δν
1218 1168 1282 1200 vm
1310 1144 1369 1201 δὲ
1402 1170 1514 1211 τους

502 1232 752 1302 παπὺρους
776 1229 1034 1298 καλουμίν
1021 1246 1091 1289 υς
1127 1227 1401 1298 τριγώνους,
1429 1230 1518 1299 μέ-

503 1314 638 1381 γεθος
670 1312 732 1369 ὡς
762 1306 1105 1378 τετραπήχεις.
1134 1306 1318 1358 Ηιιιι).

586 1389 638 1441 5.
672 1388 843 1438 Decem
875 1403 969 1437 non
990 1385 1211 1455 amplius.
1232 1385 1511 1456 Theophr.

504 1466 685 1519 decem
717 1479 770 1518 et
806 1466 1030 1533 amplius
1068 1465 1369 1519 cubitorum
1396 1465 1517 1515 lon·

502 1544 798 1617 gitudinem
812 1543 1081 1598 radicibus
1100 1544 1358 1597 attribuit:
1380 1544 1517 1596 cauli

503 1644 596 1678 seu
626 1642 815 1694 scapo,
862 1634 1063 1676 tantum
1093 1636 1427 1694 quaternum.
1449 1624 1516 1675 H.

583 1707 633 1755 6.
664 1704 987 1773 Fastigatum,
1022 1701 1078 1753 id
1110 1715 1217 1767 est,
1251 1703 1518 1755 acumina·

502 1795 635 1835 tum.
665 1784 752 1836 Sic
778 1780 979 1834 eMSS.
1005 1779 1170 1834 Hard.
1193 1780 1520 1845 emendavit,

504 1874 771 1933 praeunte
854 1861 1118 1914 Pintiano.
1198 1819 1520 1929 Fastigintuni

505 1942 673 1995 Gron.
704 1954 755 1994 et
784 1940 891 1991 alii.
914 1940 1016 1992 En.

587 2038 638 2089 7.
657 2018 833 2081 Thyrsi
851 2020 989 2070 modo
1016 2036 1235 2070 cacumen
1261 2019 1518 2070 includens.

505 2098 667 2164 Quod
716 2098 1075 2170 Theophrast·
1126 2096 1261 2150 dixit
1285 2137 1300 2163 ,
1365 2104 1518 2168 κόμην

506 2171 729 2247 (Strabo
779 2174 988 2245 χαίτην)
1037 2178 1237 2243 {xcvi-ac
1284 2178 1479 2245 ἀχρείοιν
1503 2216 1519 2241 ,

506 2259 683 2313 ἀσθενῆ
698 2296 712 2317 ,
742 2256 946 2307 Plinius
968 2256 1055 2308 his
1076 2255 1247 2308 verbis
1262 2254 1522 2321 reddidit,

507 2354 674 2406 quum
728 2334 899 2406 aptius
944 2348 1106 2399 esset,
1174 2360 1196 2382 ι
1222 2354 1428 2387 comam
1459 2360 1481 2382 ι
1501 2375 1515 2396 ,

505 2416 615 2467 sive
647 2416 867 2483 «jubam
900 2413 1145 2467 inutilem
1185 2414 1416 2479 hahens,
1447 2428 1524 2467 at·

506 2512 611 2565 que
638 2492 943 2547 invalidam.
971 2519 994 2541 ι
1028 2494 1148 2546 Νοιι
1184 2512 1369 2563 parum
1396 2511 1521 2545 sane

508 2572 769 2644 discrepat
818 2574 1032 2643 thyrsus
1084 2590 1113 2624 a
1168 2590 1336 2625 coma.
1392 2572 1520 2625 Haec

506 2653 651 2705 enim
676 2665 1009 2723 exporrecta,
1038 2650 1233 2703 diffusa
1264 2670 1326 2703 ac
1356 2650 1520 2719 expli-

506 2745 637 2785 catax
664 2744 773 2797 est,
820 2732 877 2783 in
924 2730 1073 2783 milio
1124 2742 1179 2783 et
1230 2726 1518 2793 arundine,

507 2811 719 2863 Plinio:
768 2810 979 2880 thyrsus
1015 2825 1141 2861 vero
1168 2809 1233 2859 in
1266 2807 1518 2877 spicatam

505 2892 802 2961 congeriem
824 2890 1064 2958 stipatus,
1092 2897 1153 2938 ut
1178 2887 1235 2938 in
1254 2886 1522 2955 alismatis,

508 2983 561 3021 et
608 2968 817 3021 acanthi
856 2967 1036 3029 caule,
1088 2982 1115 3017 a
1172 2964 1520 3021 similitudine

505 3048 675 3120 thyrsi
732 3045 979 3099 Bacchici
1038 3057 1251 3097 vocatus
1274 3084 1290 3108 ‚
1360 3064 1519 3117 quem

504 3126 807 3180 Macrobius
824 3125 988 3176 telum
1015 3124 1173 3175 fuisse
1199 3126 1273 3178 ait
1292 3126 1520 3179 circum-

504 3207 695 3277 plicata
757 3202 955 3257 hedera
1004 3202 1292 3273 obligatum
1316 3244 1331 3269 ,
1406 3222 1522 3275 quai

504 3283 693 3337 fronde
714 3300 1021 3337 mucronem
1047 3283 1267 3353 tegebat.
1294 3287 1522 3337 Dan-.-

515 3366 562 3416 Τ
560 3366 689 3427 [gre-si
734 3362 889 3415 modo.
938 3362 1061 3415 Fert
1110 3379 1232 3415 sane
1286 3382 1522 3433 papyrus

505 3444 711 3511 χαίτην,
743 3442 1030 3505 cusai-iem,
1062 3460 1125 3493 ex
1142 3440 1523 3513 capillamentis

504 3519 743 3592 plurimis
764 3534 1113 3584 constantem,
1135 3521 1305 3591 thyrsi
1326 3519 1516 3574 modo:

506 3618 629 3652 nam
654 3601 864 3671 thyrsus
880 3642 895 3667 ,
914 3602 1023 3655 sive
1037 3600 1182 3653 hasta
1210 3619 1268 3653 ea
1288 3601 1520 3653 aculeata

504 3692 583 3733 est
605 3717 620 3744 ,
660 3698 817 3752 quam
860 3681 913 3733 in
964 3680 1139 3749 Orgiis
1174 3678 1479 3749 quatiebant
1498 3718 1512 3739 ,

504 3757 881 3833 desinebatque
926 3761 981 3812 in
1048 3776 1253 3811 comam
1294 3776 1307 3809 :
1368 3756 1518 3811 unde

504 3844 755 3909 κωνοφόροι
796 3840 1041 3901 Bacchae,
1072 3834 1373 3906 eademque
1414 3842 1520 3906 ουρ·

506 3922 689 3991 σοφόροι
704 3919 1011 3993 thyrsigera}
1023 3916 1369 3987 appellantur.
1392 3916 1518 3969 Cas-

502 4000 635 4054 siod.
680 3999 852 4070 Epist.
896 3998 1001 4058 xl,
1060 3996 1165 4049 38:
1208 4020 1229 4043 ι
1262 3995 1515 4065 paludum

1609 913 1884 983 pulchram
1926 914 2184 967 caesariem
2208 940 2232 963 ι
2266 927 2446 979 vocat,
2477 942 2500 963 «ι
2523 917 2638 969 vir-

1607 993 1763 1062 gultis
1806 994 2142 1055 molliorem,
2207 994 2386 1047 herbis
2433 992 2628 1049 durio-

1607 1090 1752 1137 rem,
1779 1083 1877 1125 etc.
1909 1072 2149 1126 ιΗιιι).

1689 1154 1742 1205 8.
1780 1148 1964 1203 Semina
1999 1152 2634 1225 rzuuo.Theoph1-.Kap-

1606 1237 1695 1283 πὸν
1724 1225 1783 1283 «tl
1811 1229 1930 1291 ὅλως
1965 1224 2160 1284 οὐδένα.
2183 1230 2332 1283 Η.-
2345 1231 2462 1283 Imo
2489 1247 2634 1303 quot

1606 1310 1922 1379 squamulae,
1957 1322 2033 1362 tot
2059 1307 2249 1372 flores,
2287 1320 2372 1363 tot
2401 1312 2632 1366 semina.

1608 1387 1748 1440 Vide
1776 1401 1956 1440 notam
1985 1407 2094 1459 seq.
2127 1390 2234 1441 En.

1687 1486 1740 1535 9.
1765 1468 1924 1537 Quam
1931 1468 2078 1537 flor-135
2097 1468 2168 1519 ad
2179 1467 2291 1519 deos
2309 1470 2628 1523 coronandos.

1606 1544 1918 1599 Plutarchus
1942 1546 1998 1597 in
2020 1546 2262 1616 Agesilao
2289 1547 2471 1601 scribit
2503 1567 2634 1621 eum

1607 1640 1812 1697 papyro
1830 1625 2102 1679 coronaria
2127 1624 2437 1679 delectatum
2469 1627 2633 1681 fuisse

1607 1705 1678 1757 ob
1704 1722 2022 1757 coronarum
2049 1704 2144 1756 sim
2153 1703 2438 1774 plicitatem
2454 1724 2634 1771 ,eam-

1606 1801 1712 1853 que
1745 1782 2097 1837 discedentem
2131 1802 2160 1835 a
2189 1802 2312 1853 rege
2334 1785 2544 1855 petiisse
2571 1798 2630 1841 et

1607 1863 1882 1934 accepisse.
1905 1862 2190 1915 Atheniens
2208 1880 2336 1915 vero
2349 1896 2367 1922 ‚
2390 1863 2482 1916 lib.
2500 1865 2610 1917 XV
2611 1903 2630 1923 ‚

1607 1940 1748 1993 ridet
1771 1960 1860 1994 eos
1883 1942 1976 2011 qui
2003 1954 2298 2011 putarunte
2327 1960 2535 2014 papyro
2568 1957 2625 1997 et

1609 2022 1740 2075 rosis
1793 2038 2013 2073 coronas
2071 2020 2186 2073 fieri
2227 2038 2242 2073 :
2303 2019 2462 2092 idque
2505 2042 2626 2076 non

1610 2099 1790 2151 minus
1813 2098 2098 2155 absurdum
2130 2118 2239 2153 esse
2259 2099 2435 2166 tradit,
2457 2118 2626 2172 quam

1608 2178 1652 2229 si
1681 2196 1742 2233 ex
1769 2178 1893 2232 allio
1929 2190 1982 2231 et
2011 2196 2128 2233 rosa
2157 2196 2351 2232 corona
2387 2194 2632 2234 nectere·

1609 2268 1715 2323 tur,
1739 2269 1923 2327 utpote
1947 2276 2152 2329 papyro
2187 2276 2343 2328 grave
2369 2258 2628 2328 quiddam

1609 2347 1663 2389 et
1696 2356 1962 2391 coenosum
1999 2338 2193 2390 olente.
2217 2338 2631 2407 Dan—Quam

1593 2417 1759 2486 floris.
1785 2417 1890 2469 Pro
1903 2414 2127 2470 floribus
2146 2453 2161 2480 ,
2189 2416 2392 2487 inquit,
2417 2434 2634 2488 papyro

1607 2493 1684 2547 dii
1723 2507 2061 2549 coronantur.
2115 2494 2317 2548 Laudat
2369 2514 2632 2551 coronam

1607 2594 1637 2627 e
1655 2592 1862 2645 papyro
1884 2574 2159 2644 Agesilaus
2185 2573 2328 2645 apud
2354 2576 2631 2630 Plutarch.

1605 2672 1662 2724 p.
1685 2658 1822 2723 617.
1849 2651 2010 2706 Ridet
2033 2654 2339 2720 Athenaeus,
2369 2672 2468 2707 ceu
2489 2656 2636 2709 male

1607 2733 1865 2797 olentem,
1899 2732 1994 2785 lib.
2019 2734 2144 2798 XV,
2172 2751 2294 2803 pag.
2321 2736 2454 2802 676.
2485 2734 2632 2786 Cave

1607 2824 1782 2865 autem
1809 2812 1895 2865 hic
1919 2810 2106 2864 florem
2133 2830 2166 2866 e
2189 2830 2392 2883 papyro
2419 2812 2590 2883 fingas
2613 2830 2630 2865 :

1605 2908 1778 2962 neque
1809 2890 1948 2945 enim
1978 2890 2146 2945 unum
2188 2908 2424 2962 papyrus
2459 2909 2528 2943 ex
2571 2910 2635 2945 ae

1607 2968 1792 3023 florem
1818 2967 2270 3040 fundit—Quam
2279 2971 2400 3039 flor.
2424 2982 2525 3023 etc.
2544 2971 2635 3023 Ita

1608 3050 1736 3120 Reg.
1761 3068 1812 3101 2.
1843 3050 1908 3100 At
1927 3049 2118 3119 Bega,
2145 3050 2301 3103 con».
2327 3048 2384 3112 3,
2401 3048 2632 3119 aliique,

1616 3146 1810 3198 «quam
1839 3127 2006 3179 foris·
2043 3128 2273 3194 habent;
2320 3139 2380 3180 ut
2415 3127 2484 3181 sit
2515 3128 2632 3181 for-

1607 3220 1738 3259 tasse
1758 3207 2010 3260 sententia
2025 3245 2042 3273 ,
2067 3226 2174 3259 non
2195 3207 2458 3278 AEgyptiis
2479 3206 2632 3261 hunc

1610 3303 1812 3337 morem
1850 3285 2032 3349 fuisse,
2080 3284 2169 3339 sed
2201 3287 2356 3347 foris,
2381 3286 2485 3338 hoc
2509 3298 2590 3339 est
2607 3326 2626 3350 ,

1608 3362 1833 3416 externis
1861 3366 2138 3434 gentibus,
2167 3378 2224 3419 ut
2250 3382 2456 3436 papyro
2483 3364 2634 3417 Deos

1605 3455 1936 3495 coronarent.
1965 3444 2178 3497 Florem
2209 3444 2422 3515 quidem
2453 3454 2628 3509 certe,

1605 3534 1666 3575 ut
1687 3520 1936 3585 diximus,
1960 3523 2167 3575 nullum
2189 3540 2428 3593 papyrus
2444 3520 2626 3577 habet.

1607 3602 1676 3653 H.
1703 3632 1781 3643 -··
1807 3600 1947 3655 Cave
1980 3600 2256 3653 Harduino
2281 3599 2495 3665 credas,
2527 3603 2626 3671 qui

1605 3680 1784 3733 nescio
1813 3698 1917 3750 qua
1939 3681 2248 3733 auctoritate
2281 3678 2537 3750 deceptus
2565 3694 2624 3733 et

1603 3771 1744 3812 certe
1769 3758 1912 3811 aliud
1948 3778 2133 3833 agens,
2171 3776 2378 3829 papyro
2415 3758 2628 3813 nullum

1604 3856 1714 3891 esse
1749 3838 1934 3892 florem
1984 3849 2311 3891 commentus
2343 3850 2452 3901 est,
2487 3838 2630 3892 anti·

1605 3936 1760 3986 quam
1799 3931 1852 3970 et
1897 3918 2160 3989 explosam
2191 3916 2474 3971 lectionem
2495 3920 2629 3985 fhris

1603 4008 1818 4051 conatus
1837 3996 2114 4061 reducere,
2143 4008 2326 4051 contra
2349 3998 2595 4051 omnium
2609 4034 2626 4063 ,
