2850 4684
466 359 605 435 300
992 367 1072 434 c,
1125 367 1460 465 PL1N11
1503 325 1722 436 mer.
1776 367 2026 444 msT.

462 495 619 564 alias
654 499 1080 598 gssmmatica
1111 513 1253 568 arte
1279 497 1557 583 celebri,
1589 501 1657 568 in
1693 501 1874 568 hisce
1908 501 2040 566 XX
2068 499 2256 567 annis
2277 513 2576 570 mercato

458 626 573 671 rus
592 600 637 640 '⁹
662 605 785 671 DC
812 625 1159 672 nummum
1179 603 1228 627 ²⁰
1254 606 1323 672 in
1356 604 1588 674 eodem
1617 605 2038 673 Nomentano
2072 603 2305 674 decimi
2339 602 2574 698 lapidis

456 708 543 776 ab
580 707 767 778 Urbe
796 707 1203 778 diverticulo.
1246 713 1366 778 Est
1408 723 1630 780 autem
1665 733 2130 804 usquequaque
2165 723 2322 778 nota
2357 709 2574 783 vilitas

456 811 755 882 mercis²¹
793 834 913 908 per
952 816 1173 883 omnia
1210 815 1618 901 suburbana,
1659 816 1748 884 ibi
1792 828 2016 882 tamen
2059 816 2377 898 maxima,
2409 839 2572 908 quo-

453 917 631 986 niam
667 933 738 987 et
766 917 1061 1012 neglecta
1093 945 1214 1015 per
1253 919 1724 1016 indiligentiam
1762 919 2008 1015 praedia
2050 934 2437 1013 paraverat,
2487 945 2568 990 ac

452 1045 537 1092 ne
576 1026 645 1091 in
688 1025 987 1120 pessimis
1036 1025 1301 1121 quidem
1351 1025 1763 1146 elegantioris
1808 1025 1946 1094 soli.
2003 1028 2163 1094 Haec
2220 1048 2568 1118 aggressus

450 1128 751 1200 excolere
770 1181 791 1214 ‚
843 1154 977 1198 non
1031 1132 1273 1201 virtute
1330 1134 1566 1212 animi,
1618 1131 1732 1203 sed
1781 1132 2068 1200 vanitate
2111 1132 2368 1252 primo,
2421 1156 2568 1224 quae

450 1249 609 1304 nota
650 1238 815 1305 mire
858 1238 925 1304 in
962 1234 1073 1305 illo
1109 1237 1297 1306 fuit²²
1304 1239 1700 1332 ‚pastinatis
1736 1236 1820 1306 de
1861 1237 2120 1355 integro
2163 1238 2367 1305 vineis
2405 1261 2565 1306 cura

451 1339 777 1426 Stheneli,
818 1339 978 1409 dum
1018 1342 1371 1437 agricolam
1414 1343 1742 1412 imitatur²
1747 1331 1794 1426 ³,
1835 1341 1918 1412 ad
1955 1344 2066 1410 vix
2099 1339 2408 1410 credibile
2445 1343 2564 1412 mi-

450 1446 747 1516 raculum
796 1447 1133 1542 perduxit,
1201 1450 1372 1518 intra
1431 1462 1742 1518 octavum
1794 1471 2039 1516 annum
2091 1432 2324 1514 CCCC
2371 1471 2562 1516 num-

448 1577 631 1621 mum
649 1544 695 1587 ²⁴
732 1555 1016 1648 emptori
1060 1551 1321 1623 addicta
1364 1554 1690 1648 pendente
1727 1553 2098 1622 vindemia.
2138 1554 2560 1646 cucurritque

444 1681 641 1727 nemo
688 1685 823 1728 non
841 1649 887 1686 ²⁵
932 1659 1017 1728 ad
1065 1648 1453 1754 spectandas
1501 1683 1782 1727 uvarum
1833 1660 1902 1727 in
1941 1659 2020 1731 iis
2065 1658 2271 1726 vineis
2317 1671 2564 1743 strue5‚

438 1840 693 1895 imitatur.
716 1842 803 1896 Sic
826 1843 984 1915 paulo
1002 1857 1130 1914 post
1149 1881 1167 1908 ‚
1186 1863 1302 1896 cura
1322 1843 1461 1896 Sthe·

440 1921 540 1972 nali
552 1959 567 1985 ,
616 1921 729 1973 dum
777 1923 1039 1992 agricolam
1088 1926 1318 1976 imitatur.
1378 1924 1460 1977 De

439 1999 703 2053 Rhemnio
731 2003 1026 2055 Polemone
1064 2004 1230 2056 multa
1270 2005 1459 2056 Sueto-

436 2077 586 2144 nius,
615 2079 709 2132 lib.
750 2079 819 2134 de
842 2081 1032 2133 illustr.
1072 2082 1311 2134 Gramm.
1336 2098 1454 2150 cap.

444 2155 533 2210 23.
554 2157 761 2210 Tiberii
794 2172 847 2212 et
889 2159 1099 2212 Claudii
1126 2159 1457 2230 temporibus

440 2235 592 2290 vixit.
618 2235 798 2290 Hsnn.
1168 2262 1173 2269 ·

523 2333 613 2384 19.
647 2315 865 2368 Mer-cato
912 2335 1011 2368 rus.
1052 2316 1211 2370 Ruris
1234 2318 1456 2372 nomine

437 2407 637 2447 certum
664 2394 891 2466 aliquem
910 2397 1155 2467 jugerum
1184 2395 1405 2450 modum
1423 2416 1453 2450 a

437 2471 611 2526 Plinio
659 2492 805 2527 nunc
841 2474 1036 2546 signari
1062 2493 1171 2528 non
1201 2474 1453 2530 dubitan-

436 2549 585 2606 dum.
611 2553 921 2607 Centuriam
938 2553 1162 2609 Budaeus
1178 2549 1425 2626 intelligit
1436 2595 1452 2621 ‚

436 2647 597 2702 quam
623 2633 679 2685 in
693 2633 829 2704 agris
848 2636 1031 2705 jugera
1055 2633 1282 2688 ducenta
1295 2636 1454 2706 signi·

434 2707 593 2764 ficare
629 2725 817 2769 auctor
847 2725 924 2768 est
952 2715 1241 2767 Columella
1259 2753 1276 2778 ‚
1294 2713 1361 2768 de
1389 2717 1449 2768 R.

434 2791 500 2843 R.
517 2789 609 2843 lib.
635 2792 706 2857 V,
722 2811 841 2863 cap.
868 2811 918 2856 1,
938 2811 1059 2846 cum
1078 2795 1328 2847 Varrone
1344 2833 1360 2860 ,
1380 2793 1450 2846 de

434 2868 495 2922 L.
522 2870 583 2922 L.
605 2871 715 2947 ¹⁵.¹L·„
720 2871 818 2924 IV.
842 2869 1016 2925 Henn.

518 2967 603 3002 so.
620 2951 713 2998 DC
728 2970 979 3004 nummum.
1001 2953 1234 3006 Centena
1256 2953 1448 3018 millia,

432 3039 494 3080 ut
514 3027 663 3097 prius
677 3029 901 3091 ,lineola
916 3033 1241 3102 superposita
1254 3034 1448 3103 signari

430 3124 641 3171 remum
674 3120 797 3162 sunt
822 3123 998 3163 autem
1038 3113 1323 3164 sexcenties
1366 3131 1446 3164 se·

431 3186 671 3239 stez-tium
708 3199 929 3242 centena
980 3189 1147 3241 millia
1167 3224 1184 3252 ‚
1247 3189 1446 3259 gallico

429 3263 579 3318 liba-ie
616 3269 917 3333 6‚ooo,ooo.
951 3266 1016 3318 Η.
1054 3297 1127 3310 -
1176 3269 1446 3323 Broterius

430 3343 560 3411 DC,
584 3345 699 3398 sine
728 3347 920 3399 lineola
954 3347 1305 3416 superposita.
1336 3349 1441 3402 En.

514 3445 540 3477 2
555 3443 603 3478 1.
630 3425 811 3477 Vt'litas
827 3427 1004 3476 mercis.
1035 3424 1363 3480 Praediorum
1382 3445 1444 3482 ae

426 3501 737 3556 fundorum.
766 3505 966 3556 Duae.
996 3533 1075 3546 —
1107 3504 1301 3560 Vt'lt'tas.
1326 3507 1441 3559 Ms-

425 3580 567 3635 xima
620 3581 720 3633 fuit
742 3617 759 3645 ,
806 3582 1007 3652 inquit,
1034 3583 1207 3638 vilitas
1248 3587 1442 3657 pretii,

424 3679 552 3713 rure
578 3661 675 3712 iuo
703 3661 896 3732 prioris
922 3659 1128 3736 domini
1152 3665 1440 3736 negligenti

425 3739 629 3792 cultura
672 3741 811 3793 male
851 3741 1031 3794 habito
1077 3759 1090 3793 :
1139 3757 1193 3796 et
1241 3743 1438 3814 alioqui

424 3817 711 3871 constituto
740 3819 795 3872 in
825 3819 1141 3873 Nomentani
1166 3825 1277 3892 agri
1297 3822 1441 3876 haud

424 3897 749 3952 feracissimo
778 3911 969 3954 tractu.
995 3901 1172 3955 Ham).

508 3997 597 4032 22.
638 3979 765 4050 Qua
803 3992 919 4033 nota
948 3984 1065 4033 ean-e
1102 3985 1152 4032 in
1202 3981 1290 4033 «⁶110
1314 3983 1436 4048 suit.

1543 1842 1666 1896 Non
1684 1855 1808 1896 sunt
1826 1843 1940 1896 hoec
1959 1843 2118 1896 verba
2137 1841 2316 1912 spuria
2329 1874 2348 1902 ‚
2363 1854 2422 1896 ut
2433 1842 2560 1895 Pin-

1543 1923 1717 1975 tianus
1733 1922 1936 1975 censuit
1950 1959 1967 1987 ,
1989 1920 2080 1974 scd
2101 1920 2360 1992 genuinus
2379 1933 2560 1976 aucto-

1541 2001 1615 2054 ris
1666 2001 1801 2054 fetus
1817 2041 1832 2066 ,
1871 2000 2134 2072 carpentis
2162 1998 2337 2052 obiter
2381 2019 2560 2071 gram·

1542 2081 1718 2132 mstici
1771 2099 1976 2144 mores,
2033 2093 2094 2132 ut
2138 2081 2296 2149 paulo
2344 2092 2466 2149 post
2501 2093 2560 2134 et

1543 2159 1778 2234 Seneca,
1805 2186 1828 2208 ι
1859 2158 2138 2230 Principiis
2165 2171 2276 2211 tum
2301 2156 2558 2218 eruditio·

1541 2238 1624 2290 nis
1671 2257 1734 2291 nc
1798 2238 2079 2308 potentia,
2125 2254 2242 2307 quae
2288 2249 2558 2307 postremo

1537 2317 1702 2370 nimia
1730 2317 1831 2370 fuit
1852 2334 2010 2387 super
2039 2316 2230 2387 ipsum.
2257 2339 2279 2362 ι
2311 2316 2382 2370 H.

1622 2398 1714 2449 ²3.
1735 2397 1866 2450 Cura
1896 2395 2108 2449 Stheneli
2115 2435 2129 2456 ‚
2155 2396 2268 2448 dum
2292 2395 2558 2464 agricolam

1541 2476 1774 2530 imitatur.
1835 2477 1898 2528 In
1959 2476 2246 2546 archetypo
2290 2473 2556 2528 Toletano

1539 2553 1688 2608 aliter
1725 2574 1738 2608 :
1775 2580 1797 2603 ι
1833 2555 1974 2608 Cura
2001 2553 2238 2607 Stheleni
2265 2553 2552 2623 agricolam

1537 2634 1788 2687 imitatus.
1813 2659 1836 2680 ι»
1867 2631 2176 2704 Legendum
2195 2651 2347 2697 reor,
2374 2658 2397 2680 ι
2426 2651 2554 2696 curn

1540 2713 1773 2768 Stheneli
1809 2713 2050 2784 agricolae
2079 2712 2346 2764 invitatus.
2375 2738 2398 2760 ιι
2425 2712 2554 2764 Por·

1535 2810 1600 2844 ro
1639 2795 1798 2846 verba
1827 2812 1944 2863 quse
1971 2792 2146 2846 statim
2187 2803 2310 2844 ante
2355 2808 2553 2861 praece·

1537 2869 1700 2936 dunt,
1765 2899 1786 2922 ι
1805 2890 1913 2926 non
1961 2872 2157 2924 virtute
2199 2869 2364 2922 animi
2391 2907 2408 2934 ‚
2457 2868 2554 2923 scd

1535 2952 1792 3018 vanitate,
1815 2970 1933 3023 quo
1961 2951 2140 3023 primo
2169 2961 2300 3004 nota
2331 2949 2466 3001 mire
2493 2949 2554 3002 in

1535 3029 1626 3084 illo
1659 3031 1792 3096 fuit,
1828 3057 1851 3079 ιι
1888 3049 1998 3082 non
2025 3028 2217 3094 Plinii,
2245 3026 2334 3082 sed
2381 3028 2554 3081 aliena

1533 3127 1642 3164 esse
1669 3108 1826 3164 duco.
1859 3110 1972 3164 Nec
2001 3109 2145 3162 enim
2179 3108 2356 3162 Plinio
2389 3105 2554 3172 histo·

1531 3189 1665 3242 rism
1694 3203 1895 3242 natura
1937 3187 2188 3242 scribenti
2221 3199 2424 3240 tantum
2449 3188 2550 3239 otii

1529 3268 1846 3337 superfuisse
1871 3267 2156 3320 verisimile
2179 3279 2282 3330 est,
2305 3279 2366 3319 ut
2380 3283 2552 3336 gram-

1531 3347 1712 3400 matici
1763 3365 1938 3400 mores
1991 3359 2098 3400 tam
2150 3347 2354 3399 curiose
2391 3345 2550 3398 nobis

1529 3422 1870 3479 describeret.
1895 3426 2053 3478 Pnrr.
2069 3454 2147 3466 --
2171 3425 2303 3477 Cura
2315 3423 2546 3476 Stheneli.

1529 3502 1804 3558 Adhibens
1837 3505 2057 3558 cultura
2085 3523 2254 3574 genus
2283 3502 2416 3559 illud
2437 3521 2548 3574 quo

1530 3584 1770 3638 Stheneli
1815 3584 2073 3654 agricola,
2126 3601 2188 3635 ex
2239 3583 2548 3654 praescripto

1528 3666 1677 3734 ejus,
1707 3676 1960 3716 uteretur.
1991 3663 2169 3715 Hsnn.

1609 3749 1700 3806 24.
1712 3743 1886 3794 CCCC.
1900 3741 2347 3812 Quadringenties
2363 3753 2546 3794 sester-

1529 3823 1682 3877 tium.
1711 3823 2066 3876 Hae--Broter-
2093 3832 2151 3872 ut
2177 3839 2296 3892 sup.
2324 3820 2540 3881 CCCC,

1528 3903 1722 3956 omisso
1743 3900 2024 3960 millesimo
2042 3917 2285 3952 numero.
2301 3900 2406 3952 En.

1609 3983 1700 4034 25.
1746 3980 2059 4050 Cttcmitque
2085 3997 2218 4030 nemo
2245 3997 2360 4031 non.
2394 3976 2550 4032 Prius
