<?xml version="1.0" encoding="UTF-8"?>
<!DOCTYPE html PUBLIC "-//W3C//DTD XHTML 1.0 Transitional//EN"
    "http://www.w3.org/TR/xhtml1/DTD/xhtml1-transitional.dtd">
<html xmlns="http://www.w3.org/1999/xhtml" xml:lang="en" lang="en">
 <head>
  <title>
</title>
<meta http-equiv="Content-Type" content="text/html;charset=utf-8" />
  <meta name='ocr-system' content='tesseract 3.04.00' />
  <meta name='ocr-capabilities' content='ocr_page ocr_carea ocr_par ocr_line ocrx_word'/>
</head>
<body>
  <div class='ocr_page' id='page_1' title='image "./historiaenatura00delagoog_0211.png"; bbox 0 0 2850 4684; ppageno 0'>
   <div class='ocr_carea' id='block_1_1' title="bbox 1022 377 2050 448">
    <p class='ocr_par' dir='ltr' id='par_1_1' title="bbox 1022 377 2050 448">
     <span class='ocr_line' id='line_1_1' title="bbox 1022 377 2050 448; baseline 0 -1"><span class='ocrx_word' id='word_1_1' title='bbox 1022 380 1099 447; x_wconf 90' lang='lat' dir='ltr'><strong>C.</strong></span> <span class='ocrx_word' id='word_1_2' title='bbox 1154 378 1483 448; x_wconf 86' lang='lat' dir='ltr'><strong>PLINII</strong></span> <span class='ocrx_word' id='word_1_3' title='bbox 1540 377 1748 447; x_wconf 84' lang='lat' dir='ltr'><strong>NAT.</strong></span> <span class='ocrx_word' id='word_1_4' title='bbox 1806 380 2050 447; x_wconf 89' lang='lat' dir='ltr'><strong>HIST.</strong></span> 
     </span>
    </p>
   </div>
   <div class='ocr_carea' id='block_1_2' title="bbox 478 508 2634 1873">
    <p class='ocr_par' dir='ltr' id='par_1_2' title="bbox 486 508 2634 1131">
     <span class='ocr_line' id='line_1_2' title="bbox 490 508 2634 605; baseline 0.002 -26"><span class='ocrx_word' id='word_1_5' title='bbox 490 510 733 579; x_wconf 80' lang='lat' dir='ltr'><strong>scheda</strong></span> <span class='ocrx_word' id='word_1_6' title='bbox 767 508 1079 579; x_wconf 78' lang='lat' dir='ltr'><strong>adlinitur</strong></span> <span class='ocrx_word' id='word_1_7' title='bbox 1104 508 1510 604; x_wconf 84' lang='lat' dir='ltr'><strong>longitudine</strong></span> <span class='ocrx_word' id='word_1_8' title='bbox 1541 510 1815 603; x_wconf 83' lang='lat' dir='ltr'><strong>papyri,</strong></span> <span class='ocrx_word' id='word_1_9' title='bbox 1857 534 2004 604; x_wconf 82' lang='lat' dir='ltr'><strong>quae</strong></span> <span class='ocrx_word' id='word_1_10' title='bbox 2033 511 2249 605; x_wconf 87' lang='lat' dir='ltr'><strong>potuit</strong></span> <span class='ocrx_word' id='word_1_11' title='bbox 2277 536 2418 582; x_wconf 67' lang='lat' dir='ltr'><strong>esse</strong></span> <span class='ocrx_word' id='word_1_12' title='bbox 2437 566 2457 595; x_wconf 86' lang='lat'>‚</span> <span class='ocrx_word' id='word_1_13' title='bbox 2494 538 2634 583; x_wconf 79' lang='lat' dir='ltr'><strong>re-</strong></span> 
     </span>
     <span class='ocr_line' id='line_1_3' title="bbox 488 614 2634 711; baseline 0.001 -26"><span class='ocrx_word' id='word_1_14' title='bbox 488 616 887 711; x_wconf 83' lang='lat' dir='ltr'><strong>segminibus</strong></span> <span class='ocrx_word' id='word_1_15' title='bbox 912 616 1243 708; x_wconf 84' lang='lat' dir='ltr'><strong>utrimque</strong></span> <span class='ocrx_word' id='word_1_16' title='bbox 1266 617 1618 710; x_wconf 76' lang='lat' dir='ltr'><strong>amputatis</strong></span> <span class='ocrx_word' id='word_1_17' title='bbox 1637 641 1654 707; x_wconf 66' lang='grc' dir='ltr'><strong>ς</strong></span> <span class='ocrx_word' id='word_1_18' title='bbox 1675 614 2110 687; x_wconf 80' lang='lat' dir='ltr'><strong>transversa²⁰</strong></span> <span class='ocrx_word' id='word_1_19' title='bbox 2133 631 2363 711; x_wconf 87' lang='lat' dir='ltr'><strong>postea</strong></span> <span class='ocrx_word' id='word_1_20' title='bbox 2387 632 2634 689; x_wconf 63' lang='lat' dir='ltr'><strong>crates</strong></span> 
     </span>
     <span class='ocr_line' id='line_1_4' title="bbox 487 718 2632 819; baseline 0.001 -30"><span class='ocrx_word' id='word_1_21' title='bbox 487 722 765 819; x_wconf 83' lang='lat' dir='ltr'><strong>peragit.</strong></span> <span class='ocrx_word' id='word_1_22' title='bbox 822 722 1148 791; x_wconf 84' lang='lat' dir='ltr'><strong>Premitur</strong></span> <span class='ocrx_word' id='word_1_23' title='bbox 1192 720 1428 790; x_wconf 84' lang='lat' dir='ltr'><strong>deinde</strong></span> <span class='ocrx_word' id='word_1_24' title='bbox 1471 718 1668 816; x_wconf 89' lang='lat' dir='ltr'><strong>prelis</strong></span> <span class='ocrx_word' id='word_1_25' title='bbox 1686 774 1705 806; x_wconf 92' lang='lat'>,</span> <span class='ocrx_word' id='word_1_26' title='bbox 1757 735 1824 789; x_wconf 88' lang='lat' dir='ltr'><strong>et</strong></span> <span class='ocrx_word' id='word_1_27' title='bbox 1885 722 2216 793; x_wconf 84' lang='lat' dir='ltr'><strong>siccantur</strong></span> <span class='ocrx_word' id='word_1_28' title='bbox 2270 722 2406 793; x_wconf 87' lang='lat' dir='ltr'><strong>sole</strong></span> <span class='ocrx_word' id='word_1_29' title='bbox 2455 722 2632 819; x_wconf 78' lang='lat' dir='ltr'><strong>pla-</strong></span> 
     </span>
     <span class='ocr_line' id='line_1_5' title="bbox 486 826 2629 923; baseline 0.001 -29"><span class='ocrx_word' id='word_1_30' title='bbox 486 826 737 920; x_wconf 77' lang='lat' dir='ltr'><strong>gulae²¹‚</strong></span> <span class='ocrx_word' id='word_1_31' title='bbox 772 841 980 921; x_wconf 91' lang='lat' dir='ltr'><strong>atque</strong></span> <span class='ocrx_word' id='word_1_32' title='bbox 1023 828 1194 895; x_wconf 86' lang='lat' dir='ltr'><strong>inter</strong></span> <span class='ocrx_word' id='word_1_33' title='bbox 1253 851 1322 895; x_wconf 89' lang='lat' dir='ltr'><strong>se</strong></span> <span class='ocrx_word' id='word_1_34' title='bbox 1360 830 1768 921; x_wconf 83' lang='lat' dir='ltr'><strong>junguntur,</strong></span> <span class='ocrx_word' id='word_1_35' title='bbox 1828 829 2281 921; x_wconf 79' lang='lat' dir='ltr'><strong>proximarum</strong></span> <span class='ocrx_word' id='word_1_36' title='bbox 2339 852 2629 923; x_wconf 80' lang='lat' dir='ltr'><strong>semper</strong></span> 
     </span>
     <span class='ocr_line' id='line_1_6' title="bbox 486 931 2628 1029; baseline 0.001 -29"><span class='ocrx_word' id='word_1_37' title='bbox 486 932 798 1001; x_wconf 84' lang='lat' dir='ltr'><strong>bonitatis</strong></span> <span class='ocrx_word' id='word_1_38' title='bbox 846 932 1279 1001; x_wconf 83' lang='lat' dir='ltr'><strong>diminutione</strong></span> <span class='ocrx_word' id='word_1_39' title='bbox 1332 932 1419 1001; x_wconf 86' lang='lat' dir='ltr'><strong>ad</strong></span> <span class='ocrx_word' id='word_1_40' title='bbox 1483 931 1883 1003; x_wconf 80' lang='lat' dir='ltr'><strong>deterrimas.</strong></span> <span class='ocrx_word' id='word_1_41' title='bbox 1943 935 2328 1028; x_wconf 83' lang='lat' dir='ltr'><strong>Numquam</strong></span> <span class='ocrx_word' id='word_1_42' title='bbox 2378 934 2628 1029; x_wconf 83' lang='lat' dir='ltr'><strong>plures</strong></span> 
     </span>
     <span class='ocr_line' id='line_1_7' title="bbox 488 1036 1311 1131; baseline -0.001 -25"><span class='ocrx_word' id='word_1_43' title='bbox 488 1062 720 1131; x_wconf 88' lang='lat' dir='ltr'><strong>scapo,</strong></span> <span class='ocrx_word' id='word_1_44' title='bbox 757 1061 956 1131; x_wconf 84' lang='lat' dir='ltr'><strong>quam</strong></span> <span class='ocrx_word' id='word_1_45' title='bbox 997 1036 1311 1105; x_wconf 77' lang='lat' dir='ltr'><strong>vicenae²²</strong></span> 
     </span>
    </p>

    <p class='ocr_par' dir='ltr' id='par_1_3' title="bbox 478 1141 2630 1873">
     <span class='ocr_line' id='line_1_8' title="bbox 590 1141 2630 1271; baseline 0 -60"><span class='ocrx_word' id='word_1_46' title='bbox 590 1146 848 1213; x_wconf 85' lang='lat' dir='ltr'><strong>XXIV.</strong></span> <span class='ocrx_word' id='word_1_47' title='bbox 868 1143 1169 1271; x_wconf 59' lang='lat' dir='ltr'><strong>Magna</strong></span> <span class='ocrx_word' id='word_1_48' title='bbox 1150 1166 1217 1210; x_wconf 89' lang='lat' dir='ltr'><strong>m</strong></span> <span class='ocrx_word' id='word_1_49' title='bbox 1246 1141 1588 1211; x_wconf 88' lang='lat' dir='ltr'><strong>latitudine</strong></span> <span class='ocrx_word' id='word_1_50' title='bbox 1622 1166 1848 1211; x_wconf 86' lang='lat' dir='ltr'><strong>earum</strong></span> <span class='ocrx_word' id='word_1_51' title='bbox 1887 1142 2300 1213; x_wconf 84' lang='lat' dir='ltr'><strong>differentia·</strong></span> <span class='ocrx_word' id='word_1_52' title='bbox 2327 1166 2469 1215; x_wconf 76' lang='lat'>1111</span> <span class='ocrx_word' id='word_1_53' title='bbox 2497 1142 2630 1212; x_wconf 80' lang='lat' dir='ltr'><strong>di-</strong></span> 
     </span>
     <span class='ocr_line' id='line_1_9' title="bbox 490 1246 2628 1343; baseline 0 -24"><span class='ocrx_word' id='word_1_54' title='bbox 490 1248 781 1343; x_wconf 85' lang='lat' dir='ltr'><strong>gitorum</strong></span> <span class='ocrx_word' id='word_1_55' title='bbox 806 1246 1146 1343; x_wconf 83' lang='lat' dir='ltr'><strong>optimis¹:</strong></span> <span class='ocrx_word' id='word_1_56' title='bbox 1193 1246 1327 1317; x_wconf 92' lang='lat' dir='ltr'><strong>duo</strong></span> <span class='ocrx_word' id='word_1_57' title='bbox 1350 1248 1790 1317; x_wconf 82' lang='lat' dir='ltr'><strong>detrahuntur</strong></span> <span class='ocrx_word' id='word_1_58' title='bbox 1819 1248 2230 1319; x_wconf 80' lang='lat' dir='ltr'><strong>hieraticae²:</strong></span> <span class='ocrx_word' id='word_1_59' title='bbox 2267 1250 2628 1319; x_wconf 84' lang='lat' dir='ltr'><strong>Fanniana</strong></span> 
     </span>
     <span class='ocr_line' id='line_1_10' title="bbox 484 1354 2624 1482; baseline 0 -57"><span class='ocrx_word' id='word_1_60' title='bbox 484 1355 694 1425; x_wconf 86' lang='lat' dir='ltr'><strong>denos</strong></span> <span class='ocrx_word' id='word_1_61' title='bbox 731 1354 987 1422; x_wconf 85' lang='lat' dir='ltr'><strong>habet.</strong></span> <span class='ocrx_word' id='word_1_62' title='bbox 1038 1366 1105 1423; x_wconf 89' lang='lat' dir='ltr'><strong>et</strong></span> <span class='ocrx_word' id='word_1_63' title='bbox 1146 1377 1282 1422; x_wconf 88' lang='lat' dir='ltr'><strong>uno</strong></span> <span class='ocrx_word' id='word_1_64' title='bbox 1326 1354 1560 1482; x_wconf 63' lang='lat' dir='ltr'><strong>minus3</strong></span> <span class='ocrx_word' id='word_1_65' title='bbox 1589 1354 2138 1448; x_wconf 82' lang='lat' dir='ltr'><strong>amphitheatrica</strong></span> <span class='ocrx_word' id='word_1_66' title='bbox 2185 1380 2201 1423; x_wconf 74' lang='grc' dir='ltr'><strong><em>ε</em></strong></span> <span class='ocrx_word' id='word_1_67' title='bbox 2259 1356 2624 1450; x_wconf 74' lang='lat' dir='ltr'><strong>paucior-es</strong></span> 
     </span>
     <span class='ocr_line' id='line_1_11' title="bbox 483 1443 2624 1554; baseline 0.001 -26"><span class='ocrx_word' id='word_1_68' title='bbox 483 1460 783 1528; x_wconf 83' lang='lat' dir='ltr'><strong>Saitica:</strong></span> <span class='ocrx_word' id='word_1_69' title='bbox 832 1482 955 1527; x_wconf 91' lang='lat' dir='ltr'><strong>nec</strong></span> <span class='ocrx_word' id='word_1_70' title='bbox 998 1458 1235 1529; x_wconf 90' lang='lat' dir='ltr'><strong>malleo</strong></span> <span class='ocrx_word' id='word_1_71' title='bbox 1278 1443 1560 1528; x_wconf 81' lang='lat' dir='ltr'><strong>sufficit³</strong></span> <span class='ocrx_word' id='word_1_72' title='bbox 1593 1484 1607 1526; x_wconf 91' lang='lat'>:</span> <span class='ocrx_word' id='word_1_73' title='bbox 1651 1484 1806 1529; x_wconf 88' lang='lat' dir='ltr'><strong>nam</strong></span> <span class='ocrx_word' id='word_1_74' title='bbox 1855 1461 2270 1554; x_wconf 82' lang='lat' dir='ltr'><strong>emporeticae</strong></span> <span class='ocrx_word' id='word_1_75' title='bbox 2311 1461 2624 1530; x_wconf 80' lang='lat' dir='ltr'><strong>brevitas</strong></span> 
     </span>
     <span class='ocr_line' id='line_1_12' title="bbox 483 1564 2618 1660; baseline 0.001 -27"><span class='ocrx_word' id='word_1_76' title='bbox 483 1589 595 1633; x_wconf 82' lang='lat' dir='ltr'><strong>sex</strong></span> <span class='ocrx_word' id='word_1_77' title='bbox 631 1564 869 1657; x_wconf 85' lang='lat' dir='ltr'><strong>digitos</strong></span> <span class='ocrx_word' id='word_1_78' title='bbox 906 1590 1041 1635; x_wconf 90' lang='lat' dir='ltr'><strong>non</strong></span> <span class='ocrx_word' id='word_1_79' title='bbox 1085 1564 1358 1635; x_wconf 82' lang='lat' dir='ltr'><strong>excedit.</strong></span> <span class='ocrx_word' id='word_1_80' title='bbox 1408 1566 1730 1634; x_wconf 65' lang='lat' dir='ltr'><strong>Praeterea</strong></span> <span class='ocrx_word' id='word_1_81' title='bbox 1776 1581 2157 1660; x_wconf 86' lang='lat' dir='ltr'><strong>spectantur</strong></span> <span class='ocrx_word' id='word_1_82' title='bbox 2205 1566 2276 1635; x_wconf 91' lang='lat' dir='ltr'><strong>in</strong></span> <span class='ocrx_word' id='word_1_83' title='bbox 2319 1566 2618 1653; x_wconf 81' lang='lat' dir='ltr'><strong>chartis,</strong></span> 
     </span>
     <span class='ocr_line' id='line_1_13' title="bbox 480 1659 2619 1756; baseline 0 -18"><span class='ocrx_word' id='word_1_84' title='bbox 480 1672 765 1739; x_wconf 84' lang='lat' dir='ltr'><strong>tenuitas</strong></span> <span class='ocrx_word' id='word_1_85' title='bbox 790 1724 809 1756; x_wconf 92' lang='lat'>,</span> <span class='ocrx_word' id='word_1_86' title='bbox 858 1671 1177 1752; x_wconf 84' lang='lat' dir='ltr'><strong>densitas,</strong></span> <span class='ocrx_word' id='word_1_87' title='bbox 1224 1670 1474 1739; x_wconf 85' lang='lat' dir='ltr'><strong>candor</strong></span> <span class='ocrx_word' id='word_1_88' title='bbox 1496 1724 1517 1756; x_wconf 92' lang='lat'>‚</span> <span class='ocrx_word' id='word_1_89' title='bbox 1587 1670 1808 1741; x_wconf 69' lang='lat' dir='ltr'><strong>laevor.</strong></span> <span class='ocrx_word' id='word_1_90' title='bbox 1869 1659 2269 1741; x_wconf 78' lang='lat' dir='ltr'><strong>Primatum⁴</strong></span> <span class='ocrx_word' id='word_1_91' title='bbox 2321 1673 2619 1741; x_wconf 82' lang='lat' dir='ltr'><strong>mutavit</strong></span> 
     </span>
     <span class='ocr_line' id='line_1_14' title="bbox 478 1774 2615 1873; baseline 0 -29"><span class='ocrx_word' id='word_1_92' title='bbox 478 1774 797 1847; x_wconf 80' lang='lat' dir='ltr'><strong>Claudius</strong></span> <span class='ocrx_word' id='word_1_93' title='bbox 827 1778 1091 1847; x_wconf 84' lang='lat' dir='ltr'><strong>Caesar:</strong></span> <span class='ocrx_word' id='word_1_94' title='bbox 1130 1776 1331 1845; x_wconf 87' lang='lat' dir='ltr'><strong>nimia</strong></span> <span class='ocrx_word' id='word_1_95' title='bbox 1361 1777 1606 1871; x_wconf 82' lang='lat' dir='ltr'><strong>quippe</strong></span> <span class='ocrx_word' id='word_1_96' title='bbox 1641 1782 1956 1873; x_wconf 65' lang='lat' dir='ltr'><strong>Augustae</strong></span> <span class='ocrx_word' id='word_1_97' title='bbox 1992 1780 2275 1848; x_wconf 87' lang='lat' dir='ltr'><strong>tenuitas</strong></span> <span class='ocrx_word' id='word_1_98' title='bbox 2311 1776 2615 1847; x_wconf 84' lang='lat' dir='ltr'><strong>toleran-</strong></span> 
     </span>
    </p>
   </div>
   <div class='ocr_carea' id='block_1_3' title="bbox 496 404 636 449">
    <p class='ocr_par' dir='ltr' id='par_1_4' title="bbox 496 404 636 449">
     <span class='ocr_line' id='line_1_15' title="bbox 496 404 636 449; baseline 0 0"><span class='ocrx_word' id='word_1_99' title='bbox 496 404 636 449; x_wconf 81' lang='lat'><strong>200</strong></span> 
     </span>
    </p>
   </div>
   <div class='ocr_carea' id='block_1_4' title="bbox 564 1922 2618 3025">
    <p class='ocr_par' dir='ltr' id='par_1_5' title="bbox 564 1922 2618 2153">
     <span class='ocr_line' id='line_1_16' title="bbox 564 1922 2618 1996; baseline 0 -20"><span class='ocrx_word' id='word_1_100' title='bbox 564 1942 654 1977; x_wconf 75' lang='lat' dir='ltr'><strong>ao.</strong></span> <span class='ocrx_word' id='word_1_101' title='bbox 673 1926 979 1977; x_wconf 61' lang='lat' dir='ltr'><strong>Transeat-sa.</strong></span> <span class='ocrx_word' id='word_1_102' title='bbox 996 1925 1279 1994; x_wconf 84' lang='lat' dir='ltr'><strong>Deinceps,</strong></span> <span class='ocrx_word' id='word_1_103' title='bbox 1302 1922 1495 1994; x_wconf 85' lang='lat' dir='ltr'><strong>inquit,</strong></span> <span class='ocrx_word' id='word_1_104' title='bbox 1584 1936 1835 1993; x_wconf 82' lang='lat' dir='ltr'><strong>quaterna</strong></span> <span class='ocrx_word' id='word_1_105' title='bbox 1873 1938 1928 1978; x_wconf 86' lang='lat' dir='ltr'><strong>et</strong></span> <span class='ocrx_word' id='word_1_106' title='bbox 1965 1924 2150 1979; x_wconf 79' lang='lat' dir='ltr'><strong>vicena</strong></span> <span class='ocrx_word' id='word_1_107' title='bbox 2186 1924 2244 1977; x_wconf 84' lang='lat' dir='ltr'><strong>in</strong></span> <span class='ocrx_word' id='word_1_108' title='bbox 2277 1924 2506 1996; x_wconf 79' lang='lat' dir='ltr'><strong>papyri,</strong></span> <span class='ocrx_word' id='word_1_109' title='bbox 2545 1936 2618 1977; x_wconf 80' lang='lat' dir='ltr'><strong>ut</strong></span> 
     </span>
     <span class='ocr_line' id='line_1_17' title="bbox 1583 2002 2612 2066; baseline 0.002 -11"><span class='ocrx_word' id='word_1_110' title='bbox 1583 2003 1798 2057; x_wconf 76' lang='lat' dir='ltr'><strong>barbari</strong></span> <span class='ocrx_word' id='word_1_111' title='bbox 1841 2005 2020 2066; x_wconf 87' lang='lat' dir='ltr'><strong>aiunt,</strong></span> <span class='ocrx_word' id='word_1_112' title='bbox 2065 2020 2265 2059; x_wconf 79' lang='lat' dir='ltr'><strong>man-u:</strong></span> <span class='ocrx_word' id='word_1_113' title='bbox 2301 2016 2359 2057; x_wconf 87' lang='lat' dir='ltr'><strong>ut</strong></span> <span class='ocrx_word' id='word_1_114' title='bbox 2395 2002 2612 2063; x_wconf 68' lang='lat' dir='ltr'><strong>latini.</strong></span> 
     </span>
     <span class='ocr_line' id='line_1_18' title="bbox 1583 2082 2236 2153; baseline -0.003 -16"><span class='ocrx_word' id='word_1_115' title='bbox 1583 2100 1744 2152; x_wconf 70' lang='lat' dir='ltr'><strong>scapo</strong></span> <span class='ocrx_word' id='word_1_116' title='bbox 1767 2082 2029 2153; x_wconf 79' lang='lat' dir='ltr'><strong>ponimus.</strong></span> <span class='ocrx_word' id='word_1_117' title='bbox 2057 2082 2236 2137; x_wconf 66' lang='lat' dir='ltr'><strong>Ham).</strong></span> 
     </span>
    </p>

    <p class='ocr_par' dir='ltr' id='par_1_6' title="bbox 1583 2162 2617 2391">
     <span class='ocr_line' id='line_1_19' title="bbox 1663 2162 2617 2233; baseline 0.002 -20"><span class='ocrx_word' id='word_1_118' title='bbox 1663 2162 1867 2215; x_wconf 76' lang='lat' dir='ltr'><strong>XXIV.</strong></span> <span class='ocrx_word' id='word_1_119' title='bbox 1903 2180 1952 2215; x_wconf 83' lang='lat'><strong>1.</strong></span> <span class='ocrx_word' id='word_1_120' title='bbox 1987 2162 2210 2233; x_wconf 75' lang='lat' dir='ltr'><strong>optimis.</strong></span> <span class='ocrx_word' id='word_1_121' title='bbox 2243 2163 2521 2233; x_wconf 66' lang='lat' dir='ltr'><strong>Augusta,</strong></span> <span class='ocrx_word' id='word_1_122' title='bbox 2549 2174 2617 2215; x_wconf 78' lang='lat' dir='ltr'><strong>et</strong></span> 
     </span>
     <span class='ocr_line' id='line_1_20' title="bbox 1583 2238 2615 2304; baseline 0.001 -11"><span class='ocrx_word' id='word_1_123' title='bbox 1583 2238 1748 2295; x_wconf 64' lang='lat' dir='ltr'><strong>Livia</strong></span> <span class='ocrx_word' id='word_1_124' title='bbox 1773 2258 1786 2293; x_wconf 89' lang='lat'><strong>:</strong></span> <span class='ocrx_word' id='word_1_125' title='bbox 1819 2240 2046 2296; x_wconf 82' lang='lat' dir='ltr'><strong>maxime</strong></span> <span class='ocrx_word' id='word_1_126' title='bbox 2075 2260 2203 2295; x_wconf 78' lang='lat' dir='ltr'><strong>vero</strong></span> <span class='ocrx_word' id='word_1_127' title='bbox 2231 2238 2468 2296; x_wconf 68' lang='lat' dir='ltr'><strong>Claudio</strong></span> <span class='ocrx_word' id='word_1_128' title='bbox 2487 2276 2507 2304; x_wconf 83' lang='lat'>‚</span> <span class='ocrx_word' id='word_1_129' title='bbox 2534 2240 2615 2295; x_wconf 84' lang='lat' dir='ltr'><strong>de</strong></span> 
     </span>
     <span class='ocr_line' id='line_1_21' title="bbox 1583 2320 2158 2391; baseline 0.01 -19"><span class='ocrx_word' id='word_1_130' title='bbox 1583 2337 1686 2391; x_wconf 86' lang='lat' dir='ltr'><strong>qua</strong></span> <span class='ocrx_word' id='word_1_131' title='bbox 1713 2320 1948 2378; x_wconf 81' lang='lat' dir='ltr'><strong>inferius.</strong></span> <span class='ocrx_word' id='word_1_132' title='bbox 1975 2321 2158 2378; x_wconf 65' lang='lat' dir='ltr'><strong>Hann-</strong></span> 
     </span>
    </p>

    <p class='ocr_par' dir='ltr' id='par_1_7' title="bbox 1584 2394 2614 2629">
     <span class='ocr_line' id='line_1_22' title="bbox 1669 2394 2614 2465; baseline 0.003 -14"><span class='ocrx_word' id='word_1_133' title='bbox 1669 2418 1721 2453; x_wconf 64' lang='grc' dir='ltr'><strong>α.</strong></span> <span class='ocrx_word' id='word_1_134' title='bbox 1760 2401 2038 2453; x_wconf 65' lang='lat' dir='ltr'><strong>Hiemeicoe.</strong></span> <span class='ocrx_word' id='word_1_135' title='bbox 2079 2401 2214 2465; x_wconf 67' lang='lat' dir='ltr'><strong>Quo</strong></span> <span class='ocrx_word' id='word_1_136' title='bbox 2251 2394 2470 2453; x_wconf 78' lang='lat' dir='ltr'><strong>tertium</strong></span> <span class='ocrx_word' id='word_1_137' title='bbox 2493 2439 2510 2465; x_wconf 86' lang='lat'><strong>,</strong></span> <span class='ocrx_word' id='word_1_138' title='bbox 2545 2414 2614 2454; x_wconf 79' lang='lat' dir='ltr'><strong>ut</strong></span> 
     </span>
     <span class='ocr_line' id='line_1_23' title="bbox 1584 2475 2613 2549; baseline 0.005 -20"><span class='ocrx_word' id='word_1_139' title='bbox 1584 2475 1789 2531; x_wconf 83' lang='lat' dir='ltr'><strong>dictum</strong></span> <span class='ocrx_word' id='word_1_140' title='bbox 1815 2491 1892 2531; x_wconf 85' lang='lat' dir='ltr'><strong>est</strong></span> <span class='ocrx_word' id='word_1_141' title='bbox 1919 2498 2110 2549; x_wconf 80' lang='lat' dir='ltr'><strong>supra,</strong></span> <span class='ocrx_word' id='word_1_142' title='bbox 2131 2498 2327 2533; x_wconf 83' lang='lat' dir='ltr'><strong>nomen</strong></span> <span class='ocrx_word' id='word_1_143' title='bbox 2353 2480 2613 2534; x_wconf 79' lang='lat' dir='ltr'><strong>obtinuit.</strong></span> 
     </span>
     <span class='ocr_line' id='line_1_24' title="bbox 1585 2556 2567 2629; baseline 0.003 -20"><span class='ocrx_word' id='word_1_144' title='bbox 1585 2556 1708 2609; x_wconf 83' lang='lat' dir='ltr'><strong>Fuit</strong></span> <span class='ocrx_word' id='word_1_145' title='bbox 1727 2556 1838 2611; x_wconf 67' lang='lat' dir='ltr'><strong>hnc</strong></span> <span class='ocrx_word' id='word_1_146' title='bbox 1863 2557 2134 2611; x_wconf 82' lang='lat' dir='ltr'><strong>undenum</strong></span> <span class='ocrx_word' id='word_1_147' title='bbox 2163 2557 2471 2629; x_wconf 82' lang='lat' dir='ltr'><strong>digitorum.</strong></span> <span class='ocrx_word' id='word_1_148' title='bbox 2493 2557 2567 2612; x_wconf 80' lang='lat' dir='ltr'><strong>H.</strong></span> 
     </span>
    </p>

    <p class='ocr_par' dir='ltr' id='par_1_8' title="bbox 1583 2636 2615 3025">
     <span class='ocr_line' id='line_1_25' title="bbox 1665 2636 2615 2706; baseline 0 -17"><span class='ocrx_word' id='word_1_149' title='bbox 1665 2636 1720 2689; x_wconf 85' lang='lat'><strong>3.</strong></span> <span class='ocrx_word' id='word_1_150' title='bbox 1743 2636 1850 2690; x_wconf 78' lang='lat' dir='ltr'><strong>Nee</strong></span> <span class='ocrx_word' id='word_1_151' title='bbox 1867 2638 2042 2689; x_wconf 76' lang='lat' dir='ltr'><strong>malleo</strong></span> <span class='ocrx_word' id='word_1_152' title='bbox 2058 2637 2364 2706; x_wconf 77' lang='lat' dir='ltr'><strong>sufficit.Vel</strong></span> <span class='ocrx_word' id='word_1_153' title='bbox 2385 2650 2492 2691; x_wconf 85' lang='lat' dir='ltr'><strong>tam</strong></span> <span class='ocrx_word' id='word_1_154' title='bbox 2513 2655 2615 2689; x_wconf 79' lang='lat' dir='ltr'><strong>an-</strong></span> 
     </span>
     <span class='ocr_line' id='line_1_26' title="bbox 1583 2716 2615 2787; baseline 0.003 -20"><span class='ocrx_word' id='word_1_155' title='bbox 1583 2726 1730 2785; x_wconf 75' lang='lat' dir='ltr'><strong>gusta</strong></span> <span class='ocrx_word' id='word_1_156' title='bbox 1773 2726 1882 2779; x_wconf 85' lang='lat' dir='ltr'><strong>est,</strong></span> <span class='ocrx_word' id='word_1_157' title='bbox 1923 2729 1988 2769; x_wconf 87' lang='lat' dir='ltr'><strong>ut</strong></span> <span class='ocrx_word' id='word_1_158' title='bbox 2023 2716 2272 2769; x_wconf 81' lang='lat' dir='ltr'><strong>malleum</strong></span> <span class='ocrx_word' id='word_1_159' title='bbox 2311 2734 2413 2787; x_wconf 81' lang='lat' dir='ltr'><strong>qua</strong></span> <span class='ocrx_word' id='word_1_160' title='bbox 2451 2730 2615 2787; x_wconf 78' lang='lat' dir='ltr'><strong>parte</strong></span> 
     </span>
     <span class='ocr_line' id='line_1_27' title="bbox 1583 2792 2613 2867; baseline 0.004 -22"><span class='ocrx_word' id='word_1_161' title='bbox 1583 2792 1708 2847; x_wconf 77' lang='lat' dir='ltr'><strong>ferit</strong></span> <span class='ocrx_word' id='word_1_162' title='bbox 1749 2794 1990 2848; x_wconf 84' lang='lat' dir='ltr'><strong>latiorem</strong></span> <span class='ocrx_word' id='word_1_163' title='bbox 2012 2834 2029 2861; x_wconf 90' lang='lat'><strong>,</strong></span> <span class='ocrx_word' id='word_1_164' title='bbox 2061 2812 2170 2848; x_wconf 86' lang='lat' dir='ltr'><strong>non</strong></span> <span class='ocrx_word' id='word_1_165' title='bbox 2207 2794 2450 2867; x_wconf 75' lang='lat' dir='ltr'><strong>adaequet</strong></span> <span class='ocrx_word' id='word_1_166' title='bbox 2466 2834 2482 2857; x_wconf 85' lang='lat'><strong>.</strong></span> <span class='ocrx_word' id='word_1_167' title='bbox 2517 2798 2613 2849; x_wconf 75' lang='lat' dir='ltr'><strong>vel</strong></span> 
     </span>
     <span class='ocr_line' id='line_1_28' title="bbox 1583 2874 2614 2945; baseline 0.006 -21"><span class='ocrx_word' id='word_1_168' title='bbox 1583 2884 1692 2925; x_wconf 79' lang='lat' dir='ltr'><strong>tam</strong></span> <span class='ocrx_word' id='word_1_169' title='bbox 1717 2874 1916 2945; x_wconf 71' lang='lat' dir='ltr'><strong>fragilis</strong></span> <span class='ocrx_word' id='word_1_170' title='bbox 1937 2886 2040 2937; x_wconf 83' lang='lat' dir='ltr'><strong>est,</strong></span> <span class='ocrx_word' id='word_1_171' title='bbox 2063 2886 2122 2926; x_wconf 92' lang='lat' dir='ltr'><strong>ut</strong></span> <span class='ocrx_word' id='word_1_172' title='bbox 2143 2875 2333 2927; x_wconf 77' lang='lat' dir='ltr'><strong>maneo</strong></span> <span class='ocrx_word' id='word_1_173' title='bbox 2359 2892 2614 2945; x_wconf 74' lang='lat' dir='ltr'><strong>percussa</strong></span> 
     </span>
     <span class='ocr_line' id='line_1_29' title="bbox 1583 2950 2612 3025; baseline 0.003 -21"><span class='ocrx_word' id='word_1_174' title='bbox 1583 2950 1964 3025; x_wconf 83' lang='lat' dir='ltr'><strong>disrumpatur.</strong></span> <span class='ocrx_word' id='word_1_175' title='bbox 1989 2954 2222 3023; x_wconf 69' lang='lat' dir='ltr'><strong>Rugosns</strong></span> <span class='ocrx_word' id='word_1_176' title='bbox 2245 2952 2450 3007; x_wconf 77' lang='lat' dir='ltr'><strong>chartas</strong></span> <span class='ocrx_word' id='word_1_177' title='bbox 2472 2955 2612 3007; x_wconf 74' lang='lat' dir='ltr'><strong>mal-</strong></span> 
     </span>
    </p>
   </div>
   <div class='ocr_carea' id='block_1_5' title="bbox 1581 3031 2613 3103">
    <p class='ocr_par' dir='ltr' id='par_1_9' title="bbox 1581 3031 2613 3103">
     <span class='ocr_line' id='line_1_30' title="bbox 1581 3031 2613 3103; baseline 0.002 -20"><span class='ocrx_word' id='word_1_178' title='bbox 1581 3031 1799 3085; x_wconf 81' lang='lat' dir='ltr'><strong>leorum</strong></span> <span class='ocrx_word' id='word_1_179' title='bbox 1832 3032 1942 3085; x_wconf 84' lang='lat' dir='ltr'><strong>ictu</strong></span> <span class='ocrx_word' id='word_1_180' title='bbox 1977 3032 2344 3103; x_wconf 76' lang='lat' dir='ltr'><strong>complanare,</strong></span> <span class='ocrx_word' id='word_1_181' title='bbox 2399 3050 2462 3086; x_wconf 82' lang='lat' dir='ltr'><strong>ac</strong></span> <span class='ocrx_word' id='word_1_182' title='bbox 2511 3052 2613 3085; x_wconf 86' lang='lat' dir='ltr'><strong>ex-</strong></span> 
     </span>
    </p>
   </div>
   <div class='ocr_carea' id='block_1_6' title="bbox 478 2004 1499 3104">
    <p class='ocr_par' dir='ltr' id='par_1_10' title="bbox 478 2004 1499 2620">
     <span class='ocr_line' id='line_1_31' title="bbox 479 2004 1498 2075; baseline -0.003 -17"><span class='ocrx_word' id='word_1_183' title='bbox 479 2004 593 2059; x_wconf 75' lang='lat' dir='ltr'><strong>aliae</strong></span> <span class='ocrx_word' id='word_1_184' title='bbox 614 2004 841 2075; x_wconf 60' lang='lat' dir='ltr'><strong>philyra</strong></span> <span class='ocrx_word' id='word_1_185' title='bbox 860 2016 1165 2057; x_wconf 68' lang='lat' dir='ltr'><strong>transversa</strong></span> <span class='ocrx_word' id='word_1_186' title='bbox 1176 2020 1498 2073; x_wconf 78' lang='lat' dir='ltr'><strong>superpone-</strong></span> 
     </span>
     <span class='ocr_line' id='line_1_32' title="bbox 479 2084 1493 2155; baseline -0.001 -19"><span class='ocrx_word' id='word_1_187' title='bbox 479 2084 707 2147; x_wconf 73' lang='lat' dir='ltr'><strong>bantur,</strong></span> <span class='ocrx_word' id='word_1_188' title='bbox 734 2102 858 2155; x_wconf 73' lang='lat' dir='ltr'><strong>quoe</strong></span> <span class='ocrx_word' id='word_1_189' title='bbox 898 2095 1095 2135; x_wconf 85' lang='lat' dir='ltr'><strong>cratem</strong></span> <span class='ocrx_word' id='word_1_190' title='bbox 1132 2094 1446 2153; x_wconf 78' lang='lat' dir='ltr'><strong>peragerent</strong></span> <span class='ocrx_word' id='word_1_191' title='bbox 1478 2101 1493 2135; x_wconf 71' lang='grc' dir='ltr'><strong><em>ε</em></strong></span> 
     </span>
     <span class='ocr_line' id='line_1_33' title="bbox 480 2160 1497 2224; baseline -0.006 -8"><span class='ocrx_word' id='word_1_192' title='bbox 480 2174 649 2217; x_wconf 79' lang='lat' dir='ltr'><strong>crates</strong></span> <span class='ocrx_word' id='word_1_193' title='bbox 686 2163 832 2215; x_wconf 84' lang='lat' dir='ltr'><strong>enim</strong></span> <span class='ocrx_word' id='word_1_194' title='bbox 868 2161 945 2215; x_wconf 82' lang='lat' dir='ltr'><strong>sic</strong></span> <span class='ocrx_word' id='word_1_195' title='bbox 982 2174 1269 2224; x_wconf 81' lang='lat' dir='ltr'><strong>texuntur,</strong></span> <span class='ocrx_word' id='word_1_196' title='bbox 1310 2180 1374 2217; x_wconf 80' lang='lat' dir='ltr'><strong>ex</strong></span> <span class='ocrx_word' id='word_1_197' title='bbox 1410 2160 1497 2218; x_wconf 74' lang='lat' dir='ltr'><strong>di·</strong></span> 
     </span>
     <span class='ocr_line' id='line_1_34' title="bbox 478 2240 1497 2312; baseline -0.001 -16"><span class='ocrx_word' id='word_1_198' title='bbox 478 2242 639 2301; x_wconf 76' lang='lat' dir='ltr'><strong>rectis</strong></span> <span class='ocrx_word' id='word_1_199' title='bbox 670 2241 892 2298; x_wconf 75' lang='lat' dir='ltr'><strong>soiiicet‚</strong></span> <span class='ocrx_word' id='word_1_200' title='bbox 936 2240 1347 2312; x_wconf 80' lang='lat' dir='ltr'><strong>transversisque</strong></span> <span class='ocrx_word' id='word_1_201' title='bbox 1386 2242 1497 2295; x_wconf 78' lang='lat' dir='ltr'><strong>vir·</strong></span> 
     </span>
     <span class='ocr_line' id='line_1_35' title="bbox 480 2319 1499 2393; baseline -0.001 -18"><span class='ocrx_word' id='word_1_202' title='bbox 480 2324 578 2393; x_wconf 70' lang='lat' dir='ltr'><strong>gis.</strong></span> <span class='ocrx_word' id='word_1_203' title='bbox 604 2319 693 2373; x_wconf 88' lang='lat' dir='ltr'><strong>Sic</strong></span> <span class='ocrx_word' id='word_1_204' title='bbox 716 2321 872 2373; x_wconf 80' lang='lat' dir='ltr'><strong>etiam</strong></span> <span class='ocrx_word' id='word_1_205' title='bbox 900 2320 955 2373; x_wconf 87' lang='lat' dir='ltr'><strong>in</strong></span> <span class='ocrx_word' id='word_1_206' title='bbox 980 2319 1081 2371; x_wconf 83' lang='lat' dir='ltr'><strong>tela</strong></span> <span class='ocrx_word' id='word_1_207' title='bbox 1104 2320 1379 2373; x_wconf 81' lang='lat' dir='ltr'><strong>subtemen</strong></span> <span class='ocrx_word' id='word_1_208' title='bbox 1399 2333 1499 2375; x_wconf 82' lang='lat' dir='ltr'><strong>sta·</strong></span> 
     </span>
     <span class='ocr_line' id='line_1_36' title="bbox 480 2398 1498 2465; baseline 0 -11"><span class='ocrx_word' id='word_1_209' title='bbox 480 2401 614 2454; x_wconf 86' lang='lat' dir='ltr'><strong>mini</strong></span> <span class='ocrx_word' id='word_1_210' title='bbox 640 2412 994 2453; x_wconf 78' lang='lat' dir='ltr'><strong>transversum</strong></span> <span class='ocrx_word' id='word_1_211' title='bbox 1022 2398 1285 2453; x_wconf 84' lang='lat' dir='ltr'><strong>inseritur.</strong></span> <span class='ocrx_word' id='word_1_212' title='bbox 1317 2399 1498 2465; x_wconf 80' lang='lat' dir='ltr'><strong>Quare</strong></span> 
     </span>
     <span class='ocr_line' id='line_1_37' title="bbox 480 2477 1497 2543; baseline -0.001 -10"><span class='ocrx_word' id='word_1_213' title='bbox 480 2482 713 2533; x_wconf 82' lang='lat' dir='ltr'><strong>chartam</strong></span> <span class='ocrx_word' id='word_1_214' title='bbox 740 2496 953 2531; x_wconf 81' lang='lat' dir='ltr'><strong>omnem</strong></span> <span class='ocrx_word' id='word_1_215' title='bbox 982 2477 1193 2531; x_wconf 80' lang='lat' dir='ltr'><strong>bilicem</strong></span> <span class='ocrx_word' id='word_1_216' title='bbox 1218 2479 1407 2543; x_wconf 80' lang='lat' dir='ltr'><strong>fuisse,</strong></span> <span class='ocrx_word' id='word_1_217' title='bbox 1435 2492 1497 2533; x_wconf 87' lang='lat' dir='ltr'><strong>ut</strong></span> 
     </span>
     <span class='ocr_line' id='line_1_38' title="bbox 481 2556 1496 2623; baseline -0.005 -10"><span class='ocrx_word' id='word_1_218' title='bbox 481 2560 669 2623; x_wconf 70' lang='lat' dir='ltr'><strong>telam,</strong></span> <span class='ocrx_word' id='word_1_219' title='bbox 694 2558 847 2611; x_wconf 86' lang='lat' dir='ltr'><strong>scito.</strong></span> <span class='ocrx_word' id='word_1_220' title='bbox 874 2556 990 2610; x_wconf 76' lang='lat' dir='ltr'><strong>Hoc</strong></span> <span class='ocrx_word' id='word_1_221' title='bbox 1021 2574 1131 2609; x_wconf 84' lang='lat' dir='ltr'><strong>uuo</strong></span> <span class='ocrx_word' id='word_1_222' title='bbox 1152 2556 1496 2623; x_wconf 74' lang='lat' dir='ltr'><strong>discrimine,</strong></span> 
     </span>
    </p>

    <p class='ocr_par' dir='ltr' id='par_1_11' title="bbox 480 2628 1497 3104">
     <span class='ocr_line' id='line_1_39' title="bbox 480 2628 1494 2710; baseline -0.003 -19"><span class='ocrx_word' id='word_1_223' title='bbox 480 2628 671 2710; x_wconf 79' lang='lat' dir='ltr'><strong>quod</strong></span> <span class='ocrx_word' id='word_1_224' title='bbox 655 2656 711 2689; x_wconf 81' lang='grc' dir='ltr'><strong>ιιι</strong></span> <span class='ocrx_word' id='word_1_225' title='bbox 746 2634 1077 2690; x_wconf 82' lang='lat' dir='ltr'><strong>conficienda</strong></span> <span class='ocrx_word' id='word_1_226' title='bbox 1106 2637 1289 2689; x_wconf 76' lang='lat' dir='ltr'><strong>charta</strong></span> <span class='ocrx_word' id='word_1_227' title='bbox 1310 2656 1369 2689; x_wconf 86' lang='lat' dir='ltr'><strong>su</strong></span> <span class='ocrx_word' id='word_1_228' title='bbox 1378 2638 1494 2688; x_wconf 85' lang='lat' dir='ltr'><strong>bte-</strong></span> 
     </span>
     <span class='ocr_line' id='line_1_40' title="bbox 480 2715 1490 2786; baseline -0.004 -16"><span class='ocrx_word' id='word_1_229' title='bbox 480 2736 603 2771; x_wconf 85' lang='lat' dir='ltr'><strong>men</strong></span> <span class='ocrx_word' id='word_1_230' title='bbox 634 2716 847 2770; x_wconf 75' lang='lat' dir='ltr'><strong>stamini</strong></span> <span class='ocrx_word' id='word_1_231' title='bbox 878 2716 1050 2769; x_wconf 85' lang='lat' dir='ltr'><strong>solum</strong></span> <span class='ocrx_word' id='word_1_232' title='bbox 1089 2715 1490 2786; x_wconf 82' lang='lat' dir='ltr'><strong>imponebatur,</strong></span> 
     </span>
     <span class='ocr_line' id='line_1_41' title="bbox 481 2792 1494 2864; baseline -0.007 -13"><span class='ocrx_word' id='word_1_233' title='bbox 481 2810 535 2851; x_wconf 88' lang='lat' dir='ltr'><strong>et</strong></span> <span class='ocrx_word' id='word_1_234' title='bbox 555 2798 968 2849; x_wconf 83' lang='lat' dir='ltr'><strong>connectebatur</strong></span> <span class='ocrx_word' id='word_1_235' title='bbox 990 2792 1131 2846; x_wconf 86' lang='lat' dir='ltr'><strong>idem</strong></span> <span class='ocrx_word' id='word_1_236' title='bbox 1149 2794 1343 2864; x_wconf 73' lang='lat' dir='ltr'><strong>glutini</strong></span> <span class='ocrx_word' id='word_1_237' title='bbox 1362 2810 1494 2863; x_wconf 85' lang='lat' dir='ltr'><strong>ope:</strong></span> 
     </span>
     <span class='ocr_line' id='line_1_42' title="bbox 480 2872 1496 2930; baseline -0.006 -1"><span class='ocrx_word' id='word_1_238' title='bbox 480 2877 537 2929; x_wconf 87' lang='lat' dir='ltr'><strong>in</strong></span> <span class='ocrx_word' id='word_1_239' title='bbox 562 2877 663 2930; x_wconf 84' lang='lat' dir='ltr'><strong>tela</strong></span> <span class='ocrx_word' id='word_1_240' title='bbox 684 2886 863 2927; x_wconf 82' lang='lat' dir='ltr'><strong>autem</strong></span> <span class='ocrx_word' id='word_1_241' title='bbox 887 2872 1091 2927; x_wconf 79' lang='lat' dir='ltr'><strong>stamini</strong></span> <span class='ocrx_word' id='word_1_242' title='bbox 1114 2874 1390 2925; x_wconf 81' lang='lat' dir='ltr'><strong>subtemen</strong></span> <span class='ocrx_word' id='word_1_243' title='bbox 1412 2876 1496 2924; x_wconf 87' lang='lat' dir='ltr'><strong>in·</strong></span> 
     </span>
     <span class='ocr_line' id='line_1_43' title="bbox 480 2948 1490 3022; baseline -0.008 -12"><span class='ocrx_word' id='word_1_244' title='bbox 480 2956 673 3010; x_wconf 85' lang='lat' dir='ltr'><strong>seritur</strong></span> <span class='ocrx_word' id='word_1_245' title='bbox 692 2993 707 3018; x_wconf 90' lang='lat'><em>,</em></span> <span class='ocrx_word' id='word_1_246' title='bbox 732 2952 1073 3022; x_wconf 79' lang='lat' dir='ltr'><strong>decurritque</strong></span> <span class='ocrx_word' id='word_1_247' title='bbox 1096 2970 1193 3021; x_wconf 84' lang='lat' dir='ltr'><strong>per</strong></span> <span class='ocrx_word' id='word_1_248' title='bbox 1219 2948 1454 3005; x_wconf 86' lang='lat' dir='ltr'><strong>medium</strong></span> <span class='ocrx_word' id='word_1_249' title='bbox 1472 2990 1490 3015; x_wconf 84' lang='lat'>‚</span> 
     </span>
     <span class='ocr_line' id='line_1_44' title="bbox 480 3028 1497 3104; baseline -0.002 -17"><span class='ocrx_word' id='word_1_250' title='bbox 480 3048 669 3087; x_wconf 86' lang='lat' dir='ltr'><strong>mutuo</strong></span> <span class='ocrx_word' id='word_1_251' title='bbox 698 3033 975 3104; x_wconf 83' lang='lat' dir='ltr'><strong>amplexu,</strong></span> <span class='ocrx_word' id='word_1_252' title='bbox 1002 3030 1168 3083; x_wconf 73' lang='lat' dir='ltr'><strong>veluti</strong></span> <span class='ocrx_word' id='word_1_253' title='bbox 1192 3028 1339 3083; x_wconf 86' lang='lat' dir='ltr'><strong>nodo</strong></span> <span class='ocrx_word' id='word_1_254' title='bbox 1366 3048 1497 3085; x_wconf 86' lang='lat' dir='ltr'><strong>con·</strong></span> 
     </span>
    </p>
   </div>
   <div class='ocr_carea' id='block_1_7' title="bbox 454 3114 1499 4049">
    <p class='ocr_par' dir='ltr' id='par_1_12' title="bbox 454 3114 1499 4049">
     <span class='ocr_line' id='line_1_45' title="bbox 480 3114 948 3167; baseline -0.013 0"><span class='ocrx_word' id='word_1_255' title='bbox 480 3115 742 3167; x_wconf 85' lang='lat' dir='ltr'><strong>strictum.</strong></span> <span class='ocrx_word' id='word_1_256' title='bbox 767 3114 948 3164; x_wconf 72' lang='lat' dir='ltr'><strong>Esau.</strong></span> 
     </span>
     <span class='ocr_line' id='line_1_46' title="bbox 561 3186 1499 3259; baseline -0.006 -11"><span class='ocrx_word' id='word_1_257' title='bbox 561 3212 653 3247; x_wconf 75' lang='lat' dir='ltr'><strong>ar.</strong></span> <span class='ocrx_word' id='word_1_258' title='bbox 710 3190 952 3259; x_wconf 67' lang='lat' dir='ltr'><strong>Plagaeae.</strong></span> <span class='ocrx_word' id='word_1_259' title='bbox 1028 3186 1269 3253; x_wconf 81' lang='lat' dir='ltr'><strong>Utraque</strong></span> <span class='ocrx_word' id='word_1_260' title='bbox 1332 3187 1499 3259; x_wconf 74' lang='lat' dir='ltr'><strong>igitur</strong></span> 
     </span>
     <span class='ocr_line' id='line_1_47' title="bbox 480 3264 1496 3335; baseline -0.003 -10"><span class='ocrx_word' id='word_1_261' title='bbox 480 3271 678 3327; x_wconf 81' lang='lat' dir='ltr'><strong>scheda</strong></span> <span class='ocrx_word' id='word_1_262' title='bbox 693 3271 767 3323; x_wconf 88' lang='lat' dir='ltr'><strong>sic</strong></span> <span class='ocrx_word' id='word_1_263' title='bbox 785 3278 1025 3321; x_wconf 78' lang='lat' dir='ltr'><strong>contexta</strong></span> <span class='ocrx_word' id='word_1_264' title='bbox 1038 3282 1126 3330; x_wconf 83' lang='lat' dir='ltr'><strong>‚ex</strong></span> <span class='ocrx_word' id='word_1_265' title='bbox 1144 3264 1351 3335; x_wconf 75' lang='lat' dir='ltr'><strong>dupiici</strong></span> <span class='ocrx_word' id='word_1_266' title='bbox 1362 3268 1496 3322; x_wconf 86' lang='lat' dir='ltr'><strong>serie</strong></span> 
     </span>
     <span class='ocr_line' id='line_1_48' title="bbox 478 3347 1497 3418; baseline -0.015 -11"><span class='ocrx_word' id='word_1_267' title='bbox 478 3364 745 3406; x_wconf 80' lang='lat' dir='ltr'><strong>rectarum</strong></span> <span class='ocrx_word' id='word_1_268' title='bbox 758 3386 773 3412; x_wconf 88' lang='lat'>,</span> <span class='ocrx_word' id='word_1_269' title='bbox 793 3359 1307 3415; x_wconf 71' lang='lat' dir='ltr'><strong>transversat-umque</strong></span> <span class='ocrx_word' id='word_1_270' title='bbox 1325 3347 1497 3418; x_wconf 78' lang='lat' dir='ltr'><strong>phily-</strong></span> 
     </span>
     <span class='ocr_line' id='line_1_49' title="bbox 477 3423 1492 3495; baseline -0.004 -10"><span class='ocrx_word' id='word_1_271' title='bbox 477 3448 659 3485; x_wconf 79' lang='lat' dir='ltr'><strong>rarum</strong></span> <span class='ocrx_word' id='word_1_272' title='bbox 682 3468 699 3492; x_wconf 86' lang='lat'><em>,</em></span> <span class='ocrx_word' id='word_1_273' title='bbox 728 3442 739 3451; x_wconf 92' lang='lat'><strong>·</strong></span> <span class='ocrx_word' id='word_1_274' title='bbox 762 3425 986 3495; x_wconf 62' lang='lat' dir='ltr'><strong>plagula</strong></span> <span class='ocrx_word' id='word_1_275' title='bbox 1046 3423 1449 3495; x_wconf 79' lang='lat' dir='ltr'><strong>appellabantur</strong></span> <span class='ocrx_word' id='word_1_276' title='bbox 1478 3444 1492 3481; x_wconf 74' lang='grc' dir='ltr'><strong><em>ε</em></strong></span> 
     </span>
     <span class='ocr_line' id='line_1_50' title="bbox 476 3502 1496 3578; baseline 0 -19"><span class='ocrx_word' id='word_1_277' title='bbox 476 3528 576 3562; x_wconf 81' lang='lat' dir='ltr'><strong>nos</strong></span> <span class='ocrx_word' id='word_1_278' title='bbox 598 3504 789 3578; x_wconf 80' lang='lat' dir='ltr'><strong>papyri</strong></span> <span class='ocrx_word' id='word_1_279' title='bbox 809 3504 937 3556; x_wconf 79' lang='lat' dir='ltr'><strong>folia</strong></span> <span class='ocrx_word' id='word_1_280' title='bbox 952 3502 1113 3573; x_wconf 75' lang='lat' dir='ltr'><strong>vulgo</strong></span> <span class='ocrx_word' id='word_1_281' title='bbox 1130 3522 1392 3558; x_wconf 80' lang='lat' dir='ltr'><strong>vocamus.</strong></span> <span class='ocrx_word' id='word_1_282' title='bbox 1414 3508 1496 3559; x_wconf 76' lang='lat' dir='ltr'><strong>Ex</strong></span> 
     </span>
     <span class='ocr_line' id='line_1_51' title="bbox 476 3582 1496 3656; baseline -0.002 -17"><span class='ocrx_word' id='word_1_283' title='bbox 476 3588 560 3639; x_wconf 85' lang='lat' dir='ltr'><strong>his</strong></span> <span class='ocrx_word' id='word_1_284' title='bbox 580 3585 826 3656; x_wconf 74' lang='lat' dir='ltr'><strong>plur-imai</strong></span> <span class='ocrx_word' id='word_1_285' title='bbox 839 3616 855 3645; x_wconf 90' lang='lat'>‚</span> <span class='ocrx_word' id='word_1_286' title='bbox 876 3583 983 3635; x_wconf 88' lang='lat' dir='ltr'><strong>hoc</strong></span> <span class='ocrx_word' id='word_1_287' title='bbox 1000 3594 1102 3648; x_wconf 84' lang='lat' dir='ltr'><strong>est,</strong></span> <span class='ocrx_word' id='word_1_288' title='bbox 1122 3582 1319 3636; x_wconf 67' lang='lat' dir='ltr'><strong>vicena</strong></span> <span class='ocrx_word' id='word_1_289' title='bbox 1336 3586 1496 3637; x_wconf 83' lang='lat' dir='ltr'><strong>simul</strong></span> 
     </span>
     <span class='ocr_line' id='line_1_52' title="bbox 472 3663 1490 3736; baseline -0.001 -19"><span class='ocrx_word' id='word_1_290' title='bbox 472 3665 829 3736; x_wconf 76' lang='lat' dir='ltr'><strong>jungebantur</strong></span> <span class='ocrx_word' id='word_1_291' title='bbox 842 3698 859 3727; x_wconf 83' lang='lat'><strong>,</strong></span> <span class='ocrx_word' id='word_1_292' title='bbox 882 3674 943 3714; x_wconf 90' lang='lat' dir='ltr'><strong>ut</strong></span> <span class='ocrx_word' id='word_1_293' title='bbox 962 3679 1175 3732; x_wconf 74' lang='lat' dir='ltr'><strong>scapum</strong></span> <span class='ocrx_word' id='word_1_294' title='bbox 1196 3663 1490 3717; x_wconf 84' lang='lat' dir='ltr'><strong>efficerent:</strong></span> 
     </span>
     <span class='ocr_line' id='line_1_53' title="bbox 454 3740 1488 3814; baseline -0.002 -19"><span class='ocrx_word' id='word_1_295' title='bbox 454 3742 736 3814; x_wconf 78' lang='lat' dir='ltr'><strong>·proximae</strong></span> <span class='ocrx_word' id='word_1_296' title='bbox 754 3780 769 3806; x_wconf 88' lang='lat'><strong><em>‚</em></strong></span> <span class='ocrx_word' id='word_1_297' title='bbox 802 3742 912 3793; x_wconf 76' lang='lat' dir='ltr'><strong>sive</strong></span> <span class='ocrx_word' id='word_1_298' title='bbox 940 3740 1145 3793; x_wconf 63' lang='lat' dir='ltr'><strong>extimas</strong></span> <span class='ocrx_word' id='word_1_299' title='bbox 1162 3780 1177 3805; x_wconf 88' lang='lat'><em>,</em></span> <span class='ocrx_word' id='word_1_300' title='bbox 1208 3743 1452 3795; x_wconf 78' lang='lat' dir='ltr'><strong>meliores</strong></span> <span class='ocrx_word' id='word_1_301' title='bbox 1475 3760 1488 3793; x_wconf 73' lang='grc' dir='ltr'><strong><em>ε</em></strong></span> 
     </span>
     <span class='ocr_line' id='line_1_54' title="bbox 474 3818 1489 3875; baseline -0.001 0"><span class='ocrx_word' id='word_1_302' title='bbox 474 3820 669 3875; x_wconf 83' lang='lat' dir='ltr'><strong>deinde</strong></span> <span class='ocrx_word' id='word_1_303' title='bbox 714 3820 963 3874; x_wconf 81' lang='lat' dir='ltr'><strong>bonitatis</strong></span> <span class='ocrx_word' id='word_1_304' title='bbox 1006 3818 1359 3875; x_wconf 86' lang='lat' dir='ltr'><strong>diminutione</strong></span> <span class='ocrx_word' id='word_1_305' title='bbox 1394 3818 1489 3874; x_wconf 82' lang='lat' dir='ltr'><strong>de-</strong></span> 
     </span>
     <span class='ocr_line' id='line_1_55' title="bbox 474 3898 1211 3955; baseline 0 -1"><span class='ocrx_word' id='word_1_306' title='bbox 474 3901 700 3955; x_wconf 71' lang='lat' dir='ltr'><strong>ten-rimae</strong></span> <span class='ocrx_word' id='word_1_307' title='bbox 724 3900 781 3951; x_wconf 88' lang='lat' dir='ltr'><strong>in</strong></span> <span class='ocrx_word' id='word_1_308' title='bbox 809 3898 1006 3952; x_wconf 86' lang='lat' dir='ltr'><strong>medic.</strong></span> <span class='ocrx_word' id='word_1_309' title='bbox 1030 3900 1211 3954; x_wconf 63' lang='lat' dir='ltr'><strong>Hann-</strong></span> 
     </span>
     <span class='ocr_line' id='line_1_56' title="bbox 559 3976 1490 4049; baseline 0 -17"><span class='ocrx_word' id='word_1_310' title='bbox 559 4000 587 4032; x_wconf 82' lang='lat'>2</span> <span class='ocrx_word' id='word_1_311' title='bbox 600 4000 649 4034; x_wconf 81' lang='lat'><strong>2.</strong></span> <span class='ocrx_word' id='word_1_312' title='bbox 670 3982 830 4049; x_wconf 82' lang='lat' dir='ltr'><strong>Quam</strong></span> <span class='ocrx_word' id='word_1_313' title='bbox 844 3984 1040 4033; x_wconf 61' lang='lat' dir='ltr'><strong>vibena.</strong></span> <span class='ocrx_word' id='word_1_314' title='bbox 1050 3976 1199 4032; x_wconf 87' lang='lat' dir='ltr'><strong>Folia</strong></span> <span class='ocrx_word' id='word_1_315' title='bbox 1216 3996 1311 4031; x_wconf 87' lang='lat' dir='ltr'><strong>nos</strong></span> <span class='ocrx_word' id='word_1_316' title='bbox 1330 3976 1490 4033; x_wconf 87' lang='lat' dir='ltr'><strong>hodie</strong></span> 
     </span>
    </p>
   </div>
   <div class='ocr_carea' id='block_1_8' title="bbox 1583 3108 2610 3261">
    <p class='ocr_par' dir='ltr' id='par_1_13' title="bbox 1583 3108 2610 3261">
     <span class='ocr_line' id='line_1_57' title="bbox 1585 3108 2610 3175; baseline 0.002 -12"><span class='ocrx_word' id='word_1_317' title='bbox 1585 3108 1804 3164; x_wconf 81' lang='lat' dir='ltr'><strong>tendere</strong></span> <span class='ocrx_word' id='word_1_318' title='bbox 1836 3129 1958 3163; x_wconf 85' lang='lat' dir='ltr'><strong>mos</strong></span> <span class='ocrx_word' id='word_1_319' title='bbox 1986 3111 2117 3175; x_wconf 83' lang='lat' dir='ltr'><strong>fuit,</strong></span> <span class='ocrx_word' id='word_1_320' title='bbox 2149 3110 2293 3164; x_wconf 82' lang='lat' dir='ltr'><strong>unde</strong></span> <span class='ocrx_word' id='word_1_321' title='bbox 2319 3112 2355 3164; x_wconf 82' lang='grc'><strong>1.</strong></span> <span class='ocrx_word' id='word_1_322' title='bbox 2387 3112 2610 3165; x_wconf 83' lang='lat' dir='ltr'><strong>xxxu</strong></span> 
     </span>
     <span class='ocr_line' id='line_1_58' title="bbox 1583 3188 2610 3261; baseline 0.002 -20"><span class='ocrx_word' id='word_1_323' title='bbox 1583 3188 1970 3249; x_wconf 80' lang='lat' dir='ltr'><strong>Pandectarum</strong></span> <span class='ocrx_word' id='word_1_324' title='bbox 2015 3189 2250 3261; x_wconf 79' lang='lat' dir='ltr'><strong>Ulpiano</strong></span> <span class='ocrx_word' id='word_1_325' title='bbox 2267 3230 2286 3252; x_wconf 87' lang='lat'><em>,</em></span> <span class='ocrx_word' id='word_1_326' title='bbox 2332 3190 2446 3242; x_wconf 75' lang='lat' dir='ltr'><strong>libra·</strong></span> <span class='ocrx_word' id='word_1_327' title='bbox 2478 3192 2610 3243; x_wconf 75' lang='lat' dir='ltr'><strong>mal-</strong></span> 
     </span>
    </p>
   </div>
   <div class='ocr_carea' id='block_1_9' title="bbox 1583 3268 2611 3419">
    <p class='ocr_par' dir='ltr' id='par_1_14' title="bbox 1583 3268 2611 3419">
     <span class='ocr_line' id='line_1_59' title="bbox 1584 3268 2608 3325; baseline 0.003 -4"><span class='ocrx_word' id='word_1_328' title='bbox 1584 3268 1716 3321; x_wconf 64' lang='lat' dir='ltr'><strong>teate.</strong></span> <span class='ocrx_word' id='word_1_329' title='bbox 1767 3268 2088 3321; x_wconf 66' lang='lat' dir='ltr'><strong>Gnatum.</strong></span> <span class='ocrx_word' id='word_1_330' title='bbox 2135 3299 2214 3311; x_wconf 90' lang='lat'><strong>--—</strong></span> <span class='ocrx_word' id='word_1_331' title='bbox 2257 3269 2362 3321; x_wconf 80' lang='lat' dir='ltr'><strong>Nee</strong></span> <span class='ocrx_word' id='word_1_332' title='bbox 2413 3270 2608 3325; x_wconf 72' lang='lat' dir='ltr'><strong>malleo.</strong></span> 
     </span>
     <span class='ocr_line' id='line_1_60' title="bbox 1583 3345 2611 3419; baseline 0.001 -19"><span class='ocrx_word' id='word_1_333' title='bbox 1583 3345 1740 3400; x_wconf 80' lang='lat' dir='ltr'><strong>Adeo</strong></span> <span class='ocrx_word' id='word_1_334' title='bbox 1770 3360 1988 3419; x_wconf 76' lang='lat' dir='ltr'><strong>angusta</strong></span> <span class='ocrx_word' id='word_1_335' title='bbox 2019 3360 2127 3413; x_wconf 82' lang='lat' dir='ltr'><strong>est,</strong></span> <span class='ocrx_word' id='word_1_336' title='bbox 2162 3360 2223 3400; x_wconf 87' lang='lat' dir='ltr'><strong>ut</strong></span> <span class='ocrx_word' id='word_1_337' title='bbox 2251 3348 2502 3401; x_wconf 86' lang='lat' dir='ltr'><strong>malleum</strong></span> <span class='ocrx_word' id='word_1_338' title='bbox 2526 3348 2611 3401; x_wconf 79' lang='lat' dir='ltr'><strong>la-</strong></span> 
     </span>
    </p>
   </div>
   <div class='ocr_carea' id='block_1_10' title="bbox 1560 3424 2610 3499">
    <p class='ocr_par' dir='ltr' id='par_1_15' title="bbox 1560 3424 2610 3499">
     <span class='ocr_line' id='line_1_61' title="bbox 1560 3424 2610 3499; baseline 0.005 -21"><span class='ocrx_word' id='word_1_339' title='bbox 1560 3424 1812 3479; x_wconf 73' lang='lat' dir='ltr'><strong>titudine</strong></span> <span class='ocrx_word' id='word_1_340' title='bbox 1859 3444 1970 3479; x_wconf 86' lang='lat' dir='ltr'><strong>uon</strong></span> <span class='ocrx_word' id='word_1_341' title='bbox 2011 3425 2250 3498; x_wconf 67' lang='lat' dir='ltr'><strong>adaquet</strong></span> <span class='ocrx_word' id='word_1_342' title='bbox 2279 3446 2294 3480; x_wconf 89' lang='lat'>:</span> <span class='ocrx_word' id='word_1_343' title='bbox 2327 3428 2610 3499; x_wconf 81' lang='lat' dir='ltr'><strong>multoque</strong></span> 
     </span>
    </p>
   </div>
   <div class='ocr_carea' id='block_1_11' title="bbox 1575 3504 2608 4036">
    <p class='ocr_par' dir='ltr' id='par_1_16' title="bbox 1580 3504 2608 3717">
     <span class='ocr_line' id='line_1_62' title="bbox 1581 3504 2602 3576; baseline 0.004 -19"><span class='ocrx_word' id='word_1_344' title='bbox 1581 3504 1757 3571; x_wconf 79' lang='lat' dir='ltr'><strong>minus</strong></span> <span class='ocrx_word' id='word_1_345' title='bbox 1777 3506 2110 3576; x_wconf 80' lang='lat' dir='ltr'><strong>Emporetica</strong></span> <span class='ocrx_word' id='word_1_346' title='bbox 2137 3524 2234 3575; x_wconf 85' lang='lat' dir='ltr'><strong>par</strong></span> <span class='ocrx_word' id='word_1_347' title='bbox 2255 3507 2445 3559; x_wconf 80' lang='lat' dir='ltr'><strong>malleo</strong></span> <span class='ocrx_word' id='word_1_348' title='bbox 2465 3508 2570 3561; x_wconf 81' lang='lat' dir='ltr'><strong>fuit</strong></span> <span class='ocrx_word' id='word_1_349' title='bbox 2586 3528 2602 3560; x_wconf 75' lang='grc' dir='ltr'><em>τ</em></span> 
     </span>
     <span class='ocr_line' id='line_1_63' title="bbox 1583 3583 2608 3657; baseline 0.005 -22"><span class='ocrx_word' id='word_1_350' title='bbox 1583 3602 1746 3655; x_wconf 85' lang='lat' dir='ltr'><strong>quum</strong></span> <span class='ocrx_word' id='word_1_351' title='bbox 1773 3586 1886 3655; x_wconf 83' lang='lat' dir='ltr'><strong>ejus</strong></span> <span class='ocrx_word' id='word_1_352' title='bbox 1909 3584 2138 3637; x_wconf 78' lang='lat' dir='ltr'><strong>brevitas</strong></span> <span class='ocrx_word' id='word_1_353' title='bbox 2161 3602 2251 3639; x_wconf 79' lang='lat' dir='ltr'><strong>sex</strong></span> <span class='ocrx_word' id='word_1_354' title='bbox 2272 3583 2468 3657; x_wconf 76' lang='lat' dir='ltr'><strong>digitos</strong></span> <span class='ocrx_word' id='word_1_355' title='bbox 2491 3604 2608 3641; x_wconf 85' lang='lat' dir='ltr'><strong>non</strong></span> 
     </span>
     <span class='ocr_line' id='line_1_64' title="bbox 1580 3662 2082 3717; baseline 0.002 -1"><span class='ocrx_word' id='word_1_356' title='bbox 1580 3662 1870 3717; x_wconf 77' lang='lat' dir='ltr'><strong>excederet.</strong></span> <span class='ocrx_word' id='word_1_357' title='bbox 1899 3664 2082 3717; x_wconf 70' lang='grc' dir='ltr'><strong>Ηιιιυ.</strong></span> 
     </span>
    </p>

    <p class='ocr_par' dir='ltr' id='par_1_17' title="bbox 1575 3742 2606 4036">
     <span class='ocr_line' id='line_1_65' title="bbox 1666 3742 2606 3803; baseline 0 -8"><span class='ocrx_word' id='word_1_358' title='bbox 1666 3749 1696 3803; x_wconf 70' lang='lat' dir='ltr'><strong>ei</strong></span> <span class='ocrx_word' id='word_1_359' title='bbox 1707 3780 1720 3795; x_wconf 88' lang='lat'><strong>.</strong></span> <span class='ocrx_word' id='word_1_360' title='bbox 1741 3744 2008 3796; x_wconf 72' lang='lat' dir='ltr'><strong>Primatum</strong></span> <span class='ocrx_word' id='word_1_361' title='bbox 2029 3745 2228 3795; x_wconf 71' lang='lat' dir='ltr'><strong>mutavit</strong></span> <span class='ocrx_word' id='word_1_362' title='bbox 2237 3743 2475 3796; x_wconf 75' lang='lat' dir='ltr'><strong>Claudius</strong></span> <span class='ocrx_word' id='word_1_363' title='bbox 2489 3742 2606 3797; x_wconf 77' lang='lat' dir='ltr'><strong>Cae·</strong></span> 
     </span>
     <span class='ocr_line' id='line_1_66' title="bbox 1579 3821 2606 3893; baseline 0.002 -20"><span class='ocrx_word' id='word_1_364' title='bbox 1579 3841 1677 3875; x_wconf 78' lang='lat' dir='ltr'><strong>sar.</strong></span> <span class='ocrx_word' id='word_1_365' title='bbox 1717 3822 1918 3875; x_wconf 72' lang='lat' dir='ltr'><strong>Primus</strong></span> <span class='ocrx_word' id='word_1_366' title='bbox 1953 3822 2209 3893; x_wconf 65' lang='lat' dir='ltr'><strong>Augusta</strong></span> <span class='ocrx_word' id='word_1_367' title='bbox 2251 3823 2443 3877; x_wconf 66' lang='lat' dir='ltr'><strong>charta</strong></span> <span class='ocrx_word' id='word_1_368' title='bbox 2477 3821 2606 3875; x_wconf 84' lang='lat' dir='ltr'><strong>ade·</strong></span> 
     </span>
     <span class='ocr_line' id='line_1_67' title="bbox 1577 3899 2604 3974; baseline 0.002 -21"><span class='ocrx_word' id='word_1_369' title='bbox 1577 3902 1679 3954; x_wconf 86' lang='lat' dir='ltr'><strong>mit</strong></span> <span class='ocrx_word' id='word_1_370' title='bbox 1699 3922 1714 3953; x_wconf 74' lang='grc' dir='ltr'><strong><em>ε</em></strong></span> <span class='ocrx_word' id='word_1_371' title='bbox 1745 3899 1894 3955; x_wconf 87' lang='lat' dir='ltr'><strong>dedit</strong></span> <span class='ocrx_word' id='word_1_372' title='bbox 1923 3901 2158 3957; x_wconf 67' lang='lat' dir='ltr'><strong>Claudia</strong></span> <span class='ocrx_word' id='word_1_373' title='bbox 2183 3920 2214 3954; x_wconf 88' lang='lat' dir='ltr'><strong>a</strong></span> <span class='ocrx_word' id='word_1_374' title='bbox 2242 3920 2297 3955; x_wconf 85' lang='lat' dir='ltr'><strong>se</strong></span> <span class='ocrx_word' id='word_1_375' title='bbox 2323 3904 2604 3974; x_wconf 71' lang='lat' dir='ltr'><strong>cognomi-</strong></span> 
     </span>
     <span class='ocr_line' id='line_1_68' title="bbox 1575 3982 1934 4036; baseline -0.003 0"><span class='ocrx_word' id='word_1_376' title='bbox 1575 3994 1727 4036; x_wconf 70' lang='lat' dir='ltr'><strong>nate.</strong></span> <span class='ocrx_word' id='word_1_377' title='bbox 1755 3982 1934 4035; x_wconf 68' lang='lat' dir='ltr'><strong>Hsan.</strong></span> 
     </span>
    </p>
   </div>
  </div>
 </body>
</html>
