2850 4684
1022 369 1335 442 LIBER
1384 371 1591 440 XIV.

2225 370 2367 444 305
2431 365 2436 368 ’

240 503 451 574 mellis
478 505 699 599 asperi
734 529 753 572 τ
792 505 1037 574 etenim
1077 503 1223 576 haec
1260 517 1502 574 natura
1535 503 1706 573 vinis
1751 505 1824 572 in
1859 517 2185 578 vetustate
2223 522 2366 592 est3

240 635 367 684 nec
393 613 611 707 potari
644 634 767 705 per
796 635 867 680 se
896 623 1183 704 queunt,
1219 610 1437 680 sinon
1473 610 1816 706 pervincat
1848 632 2262 707 aqua‚usque
2296 617 2368 684 in

244 716 811 787 amaritudinem²¹
848 717 1021 786 carie
1056 715 1393 786 indomita.
1449 715 1582 786 Sed
1615 717 1928 786 caeteris²²
1974 717 2146 786 vinis
2179 744 2368 789 com·

242 823 635 894 mendandis
686 823 957 890 minima
1014 820 1233 916 aliqua
1290 822 1578 891 mixtura
1631 820 2112 892 medicamenta
2167 840 2324 896 sunt
2351 851 2371 896 ε,

246 929 463 1023 quod,
496 945 576 998 ut
607 929 751 1023 ejus
779 929 1095 1022 temporis
1125 927 1554 996 aestimatione
1591 928 1660 996 in
1701 927 1990 1023 singulas
2019 930 2375 1026 amphoras

248 1037 509 1104 centeni
560 1035 815 1104 nummi
864 1047 1271 1117 statuantur,
1315 1057 1397 1102 ex
1444 1033 1548 1104 his
1567 1047 1806 1103 'tamen
1825 1086 1846 1122 ‚
1910 1059 2112 1104 usura
2155 1037 2376 1108 multi·

250 1139 491 1234 plicata
523 1127 985 1227 semissibus²³,
1010 1164 1157 1236 quae
1180 1137 1385 1209 civilis
1410 1162 1492 1210 ac
1520 1138 1784 1210 modica
1797 1133 1848 1176 ²⁴
1871 1156 2007 1230 cst,
2035 1142 2104 1213 in
2129 1145 2210 1214 C.
2235 1146 2379 1216 Cae-

244 1297 413 1363 ronis,
470 1295 541 1350 ad
574 1297 972 1350 Antonniorum
1016 1297 1105 1350 alii
1122 1333 1141 1362 ,
1184 1296 1276 1350 alii

248 1375 311 1430 ad
362 1376 601 1430 Gallieni
651 1377 1009 1448 principatum
1053 1393 1067 1429 ε
1124 1375 1276 1429 nullo

247 1474 365 1510 sane
388 1474 577 1510 omnes
610 1457 737 1510 satis
776 1453 975 1510 idoneo
1006 1453 1157 1508 ducti
1190 1475 1276 1510 ar·

246 1548 521 1607 gumento.
541 1535 724 1590 Hsnu.

328 1633 421 1668 τη.
436 1615 499 1668 In
512 1615 894 1671 amaritudivnem.
912 1614 1087 1680 Quam
1112 1613 1277 1688 caries

234 1693 519 1756 „vetustatis
550 1692 762 1748 induxit
788 1715 801 1746 ε
828 1707 946 1766 quse
974 1711 1075 1747 nec
1096 1691 1277 1747 doma·

246 1773 289 1826 n'
306 1809 323 1838 ,
344 1774 447 1826 nisi
476 1774 774 1843 plurimum
803 1793 951 1846 aquae
978 1773 1277 1842 misceatur,

248 1866 421 1924 queat.
441 1852 638 1907 Catuli.
662 1872 751 1925 ep.
766 1871 953 1907 xxvu:
984 1877 1007 1900 ι
1030 1852 1276 1907 Minister

248 1932 406 1986 vetuli
433 1951 573 2004 puer
597 1931 836 1994 Falerni,
866 1933 1027 2002 Inger
1054 1931 1128 1985 mi
1148 1931 1275 1985 cali·

248 2029 331 2064 ces
374 2013 703 2066 amariores:
747 2037 770 2060 ι
804 2012 908 2064 hoc
958 2023 1065 2076 est,
1108 2030 1275 2064 mera-

248 2091 413 2144 ciores
435 2131 453 2157 ,
502 2092 574 2144 ob
622 2101 933 2144 vetustatem
970 2091 1271 2146 amariores.

248 2171 357 2223 Cur
397 2181 576 2224 autem
616 2182 876 2224 vetustate
916 2170 1099 2222 vinum
1128 2189 1273 2224 ama-

248 2263 444 2314 rescat,
473 2248 619 2303 disee
661 2268 723 2302 ex
770 2249 1170 2321 Theophrasto,
1204 2248 1273 2305 de

248 2328 429 2383 Causis
448 2329 545 2382 lib.
572 2330 689 2394 vl,
714 2347 835 2398 cap.
862 2347 957 2394 10,
985 2346 1110 2399 pag.
1135 2328 1267 2382 362.

248 2407 451 2462 Plinius
472 2445 486 2466 ‚
541 2408 636 2460 lib.
692 2409 883 2460 XXIII
904 2446 923 2473 ,
980 2425 1097 2478 cap.
1149 2427 1216 2461 aa
1253 2425 1269 2460 ε

250 2505 275 2532 «τ
295 2487 417 2553 Quo
456 2486 764 2559 generosius
802 2487 986 2540 vinum
1008 2499 1086 2540 est
1108 2525 1126 2552 ,
1168 2488 1271 2539 hoc

248 2569 409 2637 magis
458 2579 717 2620 vetustate
765 2565 1031 2620 crassescit
1050 2604 1066 2630 ,
1112 2577 1164 2618 et
1212 2566 1271 2618 in

247 2643 652 2700 amaritudinem
685 2646 897 2717 corpori
927 2645 1147 2698 minime
1171 2644 1273 2698 uti-

246 2724 347 2778 lem
376 2726 503 2778 coit.
524 2751 547 2772 1·
574 2723 754 2776 Hann.

326 2823 417 2858 aa.
466 2802 569 2856 Sed
594 2807 795 2858 coeteris.
836 2802 1009 2868 Vina,
1051 2801 1268 2875 inquit,

246 2901 369 2954 qun
410 2884 479 2936 ab
508 2883 727 2956 Opimio
764 2883 977 2936 consule
1006 2901 1173 2954 usque
1196 2880 1267 2934 ad

245 2981 475 3034 prasens
501 2961 723 3034 durant,
764 2962 981 3015 minima
1022 2961 1267 3032 portione

246 3040 369 3095 addi
396 3043 567 3100 solent
596 3041 663 3095 ad
698 3042 798 3095 alia
823 3043 943 3094 vina
959 3081 976 3105 ‚
1000 3059 1268 3094 commen-

244 3119 471 3174 dationis
497 3135 551 3174 et
578 3121 843 3174 suavitatis
880 3121 1077 3192 gratia3
1112 3132 1165 3172 et
1192 3120 1265 3171 ob

244 3201 329 3254 id'
356 3199 868 3254 medicamentorum
902 3211 909 3220 '
946 3198 1118 3272 pretio
1174 3217 1264 3250 ve-

244 3293 411 3333 neunt
436 3297 451 3333 :
496 3297 621 3334 nam
650 3294 713 3334 ut
742 3299 805 3333 eo
852 3291 1093 3350 tempore
1110 3317 1127 3344 ,
1161 3279 1267 3331 hoc

246 3374 321 3412 est
346 3398 364 3425 ,
406 3361 613 3431 Opimii
652 3360 929 3414 consulatu
947 3395 965 3422 ,
1012 3358 1265 3410 licitatum

242 3439 427 3492 vinum
451 3451 701 3511 putemus
720 3440 774 3491 in
794 3437 1020 3509 singulas
1038 3437 1263 3508 ampho-

246 3537 361 3584 ras,
388 3520 625 3572 nummis
658 3519 1009 3589 sestertiisque
1030 3516 1261 3569 centenis

244 3588 481 3670 (gallico
505 3613 731 3652 moneta
757 3609 879 3650 sunt
906 3597 1055 3649 libra
1092 3596 1263 3647 omni-

240 3695 311 3731 no
330 3669 555 3746 decem)
575 3695 591 3732 τ
614 3690 789 3731 tamen
808 3695 871 3730 ex
890 3677 971 3728 his
992 3675 1263 3746 amphoris

240 3757 469 3828 singulas
504 3758 685 3811 uncias
718 3756 849 3811 Caio
870 3755 1115 3827 principe
1139 3771 1262 3806 con·

240 3837 427 3890 stitisse
464 3835 699 3889 vidimus
740 3848 820 3890 tot
846 3835 1107 3894 nummis.
1152 3833 1261 3884 sive

241 3917 489 3969 sestertiis
508 3953 529 3980 ,
588 3929 720 3986 quot
769 3933 928 3969 usura
978 3927 1261 3966 centenum

240 3993 453 4049 illorum
499 3995 773 4060 continet,
816 4012 913 4066 per
939 4011 1105 4047 annos
1127 4009 1225 4045 cmc
1244 4029 1259 4056 ,

402 4109 489 4174 V.

1360 1293 1710 1368 multiplicata
1728 1297 2029 1352 semissibus
2052 1316 2203 1372 :quat
2223 1319 2383 1357 usura

1361 1375 1532 1430 civilis
1549 1389 1602 1430 et
1620 1374 1831 1430 modica
1851 1391 1947 1430 est.
1961 1375 2136 1432 Usura
2157 1381 2384 1434 semissis

1360 1467 1442 1508 est
1460 1494 1475 1520 ,
1501 1473 1668 1528 quum
1691 1455 1758 1508 de
1787 1457 2022 1512 centenis
2051 1460 2282 1513 nummis
2299 1479 2380 1514 se-

1361 1535 1463 1588 mis
1475 1535 1530 1588 in
1555 1553 1732 1588 mense
1751 1535 1894 1590 redit
1914 1575 1931 1602 ,
1947 1537 2004 1590 in
2015 1556 2158 1592 anno
2173 1539 2382 1610 nummi

1362 1613 1474 1667 seni
1513 1631 1527 1667 :
1563 1613 1704 1667 Galli
1731 1606 1950 1682 dicunt,
1984 1621 2063 1670 siz
2082 1637 2210 1686 pour
2232 1631 2340 1671 eene
2366 1639 2388 1673 .·

1360 1693 1502 1758 sive,
1533 1691 1680 1765 quod
1707 1693 1899 1747 eodem
1925 1695 2327 1768 recidit,quum
2351 1716 2384 1752 e

1360 1773 1596 1826 centenis
1615 1773 1816 1828 assibus
1835 1775 1992 1828 semis
2017 1795 2074 1828 as
2093 1776 2151 1830 in
2171 1795 2383 1840 meuse..

1359 1851 1474 1904 sive
1491 1851 1719 1906 semissis
1742 1854 1876 1906 lucri
1905 1853 1969 1908 fit
1989 1850 2173 1918 (unde
2210 1851 2385 1910 usuro

1360 1929 1558 1983 semis-si
1597 1928 1777 2000 primo
1819 1951 2015 1986 nomen
2035 1923 2057 2002 )
2076 1971 2094 2001 ,
2136 1935 2193 1988 iu
2242 1955 2384 1990 anuo

1356 2027 1497 2062 asses
1519 2011 1634 2063 seni
1660 2011 1965 2080 penduntur
1987 2029 2004 2066 ε
2029 2014 2107 2068 uti
2129 2032 2194 2068 ex
2220 2015 2384 2072 Colu-

1356 2089 1514 2142 mella
1547 2101 1767 2156 constat,
1789 2091 1885 2145 lib.
1907 2093 2151 2164 111,eap.
2183 2094 2380 2166 3,pag.

1358 2187 1454 2238 9²·
1485 2168 1626 2221 Vide
1656 2187 1775 2241 qun
1811 2170 1881 2224 de
1915 2190 2074 2225 usura
2101 2175 2384 2230 centesima

1354 2248 1620 2319 appellata
1686 2249 2048 2304 Gothofredus
2107 2253 2270 2307 habet
2322 2255 2382 2308 in

1356 2326 1493 2382 cod.
1544 2327 1754 2383 Theod.
1799 2331 1892 2383 lib.
1939 2331 2027 2393 11,
2070 2331 2155 2385 tit.
2200 2331 2274 2388 33
2309 2333 2380 2389 de

1354 2407 1562 2472 usuris,
1601 2407 1696 2460 lib.
1723 2409 1782 2472 1,
1826 2427 1944 2480 pag.
1981 2409 2089 2475 234
2113 2449 2130 2476 ,
2167 2425 2222 2466 et
2261 2431 2380 2484 qun

1352 2485 1606 2539 Justellus
1629 2486 1685 2540 in
1709 2486 1843 2540 cod.
1879 2488 2006 2540 eccl.
2055 2488 2210 2545 univ.
2252 2511 2374 2564 pag.

1356 2571 1452 2634 74.
1481 2566 1669 2636 Itaque
1697 2566 1739 2618 si
1767 2567 2056 2638 amphora,
2101 2569 2212 2622 sive
2243 2589 2376 2640 qua-

1352 2642 1557 2696 drantal
1605 2634 1706 2711 (id
1733 2656 1838 2706 est,
1880 2657 1940 2697 ut
1974 2645 2125 2698 Festo
2169 2647 2374 2717 placet,

1351 2723 1519 2775 verbo
1539 2721 1744 2775 Publica
1764 2723 1981 2794 pondera
1994 2759 2012 2788 ,
2033 2725 2237 2778 LXXX
2259 2727 2371 2782 vini

1350 2801 1502 2854 librae
1527 2791 1584 2871 ),
1635 2800 1856 2872 Opimio
1900 2803 2116 2855 consule
2156 2817 2367 2862 centum

1350 2881 1583 2932 nummis
1649 2881 1816 2933 veniit
1859 2900 1874 2934 ε
1932 2881 2134 2936 faciunt
2189 2897 2367 2940 autem

1350 2978 1486 3012 xxxx
1505 2959 1654 3011 librae
1674 2961 1857 3013 uncias
1869 2979 2100 3015 nccccnx
2110 2979 2126 3030 3
2138 2963 2368 3021 efficitur

1348 3051 1411 3091 ut
1435 3039 1669 3091 semisses
1688 3058 1884 3105 usurae,
1900 3041 2002 3094 hoc
2023 3054 2102 3095 est
2115 3083 2130 3108 ,
2156 3047 2364 3100 nummi

1346 3119 1460 3170 seni
1475 3136 1732 3170 annorum
1748 3138 1846 3172 cnx
1866 3139 2113 3175 nummos
2127 3139 2366 3180 necem-x

1345 3197 1577 3251 inferant
1619 3213 1632 3249 ε
1673 3211 1832 3269 atque
1877 3200 1948 3252 ita
1987 3201 2204 3272 singulas
2249 3206 2364 3258 vini

1348 3295 1518 3330 uncus
1535 3295 1768 3330 nccccnx
1781 3281 2029 3345 nummis,
2049 3282 2162 3335 sive
2183 3298 2363 3339 sester-

1348 3357 1437 3409 tiis
1458 3356 1766 3410 constitere:
1787 3375 1906 3428 quae
1929 3373 2154 3415 monetae
2171 3378 2364 3418 nostra

1346 3435 1496 3489 libra·
1515 3447 1638 3488 sunt
1654 3454 1796 3490 xcvt.
1823 3439 2005 3492 Ham).
2037 3471 2117 3481 -—
2141 3441 2365 3497 Fallitur

1349 3513 1676 3569 Harduinus.
1704 3515 1843 3570 Vide
1865 3530 2046 3572 notam
2073 3518 2140 3572 ad
2163 3523 2364 3577 calcem

1348 3595 1510 3664 hujus
1534 3595 1682 3659 libri,
1713 3613 1834 3666 pag.
1861 3597 1995 3667 370.
2017 3599 2123 3653 En.

1433 3672 1524 3726 23.
1559 3674 1718 3726 Usum
1741 3676 2058 3746 multiplicata
2079 3681 2362 3738 semissibus.

1347 3753 1526 3806 Usura
1547 3754 1838 3807 semissium
1868 3757 1923 3808 in
1950 3757 2182 3827 singulos
2199 3779 2366 3815 annos

1344 3832 1566 3886 adaucta
1583 3873 1598 3898 ,
1640 3833 1695 3885 in
1739 3838 2102 3889 centenarium
2136 3857 2228 3892 sex
2247 3879 2264 3904 ,
2307 3841 2366 3893 iu

1346 3913 1702 3966 millenarium
1739 3913 2019 3984 sexaginta.
2047 3917 2244 3972 Daue.

1433 3997 1524 4055 ²6.
1571 3993 1700 4062 Qaoe
1745 3993 1896 4045 ciollis
1937 4013 1996 4045 ac
2035 3995 2236 4051 modica.
2281 3997 2368 4050 Sic

1989 4126 2085 4170 20
