2850 4684
396 338 542 411 620
941 350 1406 420 C.PL1N11
1462 349 1675 417 NAT.
1724 350 1986 417 HIST.

396 488 465 543 et
513 476 728 548 Uticae
771 479 1092 574 templum
1151 479 1515 577 Apollinis,
1564 480 1680 549 ubi
1733 478 2232 549 Numidicarum
2288 480 2537 550 cedro-

397 580 583 649 rum¹
591 568 862 653 ⁵trabes
897 585 1177 674 durant,
1213 590 1306 657 ita
1343 602 1420 656 ut
1459 593 1689 683 positae
1719 586 1903 655 fuere
1933 587 2145 682 prima
2174 586 2359 655 urbis
2390 585 2539 679 ejus

397 687 688 781 origine,
721 692 912 761 annis
942 716 1240 763 ucnxxv
1245 692 1367 763 111¹
1371 679 1595 763 ⁶.·Et
1578 718 1649 761 m
1682 694 1999 787 Hispania
2030 693 2307 787 Sagunti
2346 693 2541 761 aiunt

397 792 722 889 templum
766 798 1002 867 Dianae
1049 822 1090 869 a
1135 800 1482 894 Zacyntho
1516 798 1811 869 advectae
1846 822 2001 868 cum
2041 797 2535 883 conditoribuS,

398 901 585 969 annis
625 900 926 973 ducentis
973 919 1128 975 ante
1167 906 1495 975 excidium
1530 906 1745 998 Trojae
1768 958 1788 991 ‚
1842 918 1918 973 ιιι
1950 918 2185 975 auctor
2228 918 2331 975 est
2364 907 2533 973 Boc-

399 1004 600 1093 chuS,
652 1008 954 1103 infraque
1009 1011 1332 1106 oppidum
1379 1013 1597 1107 ipsum
1652 1009 1721 1080 id
1762 1010 2014 1079 haberi.
2058 1012 2189 1079 Cui
2234 1012 2541 1106 pepercit

399 1110 716 1206 religione
745 1114 1054 1187 inductus
1087 1116 1459 1207 Hannibal,
1488 1117 1780 1212 juniperi
1812 1115 2111 1185 trabibus
2132 1116 2329 1185 etiam
2354 1140 2541 1185 nunc

401 1216 814 1289 durantibus.
855 1224 1072 1318 Super
1101 1226 1328 1293 omnia
1348 1237 1759 1293 memoratur
1794 1222 1965 1293 aedes
2000 1224 2068 1291 in
2094 1220 2331 1291 Aulide
2360 1222 2537 1315 ejus·

400 1322 552 1393 dem
587 1327 785 1413 Deae,
811 1328 1064 1399 saeculis
1106 1328 1358 1425 aliquot
1387 1344 1539 1399 ante
1576 1329 1941 1422 Trojanum
1970 1326 2215 1398 bellum
2242 1326 2541 1399 exaedifi-

401 1443 604 1498 cata·
643 1456 934 1527 quonam
992 1460 1236 1567 genere
1289 1437 1585 1505 materiae
1642 1436 1911 1505 scientia
1970 1432 2397 1504 obliteratis.
2352 1432 2376 1473 ⁷
2454 1436 2543 1501 In

402 1532 674 1631 plenum
738 1538 868 1608 dici
924 1528 1208 1636 potest¹⁸
1265 1544 1493 1638 utique
1537 1567 1683 1637 quae
1718 1541 1927 1611 odore
1967 1539 2389 1637 praecellant,
2458 1564 2543 1609 ea

331 1662 364 1721 4
400 1644 766 1715 aeternitate
807 1662 1138 1742 praestare.
1170 1651 1232 1719 A
1264 1646 1673 1744 praedictis¹⁹
1709 1672 1939 1717 morus
1972 1648 2271 1743 proxime
2299 1644 2539 1716 lauda-

490 1930 573 1985 15.
601 1932 998 1987 -Numide'camm
1041 1936 1306 1989 cedrorum-
1347 1936 1431 1990 Ita

402 2011 527 2065 libri
573 2030 790 2081 omnes,
815 2014 974 2067 etiam
1003 2015 1154 2069 MSS.
1190 2035 1332 2081 nou,
1369 2026 1433 2069 ut

403 2090 624 2163 quidam
645 2106 882 2155 mutant,
919 2098 1162 2148 citt-orma.
1205 2097 1276 2148 Et
1302 2113 1432 2148 vcro

1514 1932 1732 2007 quidem
1792 1934 2001 2005 generis
2060 1932 2292 1985 materia
2310 1968 2329 1995 ,
2371 1944 2473 1984 etc.
2510 1958 2537 1978 .

1515 2028 1634 2068 tum
1672 2012 1818 2086 quod
1858 2014 2258 2083 Theophrastus
2302 2022 2423 2083 post
2452 2030 2544 2065 ce·

1516 2092 1673 2147 drum
1696 2104 1751 2147 et
1770 2092 1974 2146 thuiam
2007 2092 2219 2145 tertium
2242 2090 2399 2144 tertio
2420 2090 2547 2144 loeo

406 2170 474 2225 de
519 2172 816 2242 tergemino
855 2174 1026 2227 solum
1061 2175 1197 2245 ligni
1238 2192 1433 2246 genere

405 2268 549 2303 nunc
603 2264 684 2304 est
731 2252 969 2305 instituta
1016 2254 1188 2306 oratio
1207 2290 1223 2317 ,
1282 2250 1433 2325 quod

406 2327 748 2382 aternitntem
760 2330 862 2383 sibi
879 2332 1164 2403 quamdam
1180 2330 1433 2399 vindicat,

407 2408 601 2468 ebeno,
621 2424 872 2479 cupresso
886 2448 902 2471 ,
933 2410 1129 2465 cedro:
1151 2412 1433 2483 obiterque

407 2486 476 2540 de
484 2487 760 2559 junipero,
780 2490 868 2543 cui
887 2490 1056 2544 virtus
1077 2489 1263 2545 eadem
1281 2529 1297 2557 ,
1313 2508 1435 2563 quo

407 2564 572 2621 cedro
584 2607 601 2631 ,
621 2580 697 2620 est
708 2568 960 2623 attribut-
973 2608 989 2635 ,
1001 2584 1060 2625 ot
1067 2570 1300 2626 diximus
1313 2589 1430 2642 cap.

412 2648 506 2718 76.
541 2648 612 2700 Et
643 2647 700 2700 in
744 2648 932 2705 Africa
977 2649 1198 2705 cedrum
1240 2668 1437 2722 prove·

407 2726 562 2791 nire,
590 2746 818 2800 eamque
856 2728 1264 2785 laudatissimam
1282 2768 1298 2795 ,
1331 2731 1437 2783 ibi-

410 2804 534 2861 dem
548 2824 613 2859 εκ
626 2807 802 2860 Plinio
810 2846 826 2873 ,
849 2809 1210 2883 Vitruvioque
1222 2808 1438 2863 abunde

411 2886 716 2943 docuimus.
741 2886 927 2943 Hau.

499 2969 586 3019 16.
609 2966 1038 3022 MCLXXVIII.
1055 2971 1138 3023 Ita
1157 2968 1310 3022 MSS.
1327 2985 1441 3021 om-

413 3064 538 3111 nes,
566 3058 743 3099 recte:
769 3066 880 3099 non
902 3060 962 3101 ut
989 3049 1244 3101 hactenus
1267 3045 1435 3113 editi,

414 3125 751 3179 MCLXXX
751 3127 903 3181 VIII.
921 3128 1104 3191 Quum
1133 3145 1296 3198 porro
1323 3127 1441 3181 hec

416 3205 621 3258 Plinius
651 3206 919 3276 scripserit
960 3223 1101 3258 anno
1145 3207 1214 3259 ab
1261 3206 1334 3259 U.
1373 3207 1438 3261 C.

421 3284 560 3351 830,
587 3285 802 3338 Uticam
837 3302 1046 3338 necesse
1071 3298 1150 3339 est
1167 3284 1439 3341 conditam

417 3366 580 3418 fuisse
607 3378 730 3418 ante
755 3364 903 3417 urbis
925 3366 1109 3419 Romo
1141 3366 1405 3438 originem
1424 3406 1441 3433 ,

419 3444 570 3497 annis
622 3446 764 3509 348,
817 3462 958 3497 anno
1005 3446 1128 3498 Heli
1166 3446 1443 3499 Pontificio

419 3524 766 3577 Hebraeorum
779 3524 992 3578 circiter
1011 3526 1255 3593 35,nnno
1278 3527 1388 3579 fere
1410 3544 1442 3578 ι

418 3602 583 3675 Trojn
604 3616 766 3675 capta
789 3606 1076 3658 centesimo
1115 3606 1443 3677 octogesimo

419 3696 627 3755 quarto.
658 3680 840 3736 Ηιιιιιι.
897 3671 912 3697 ⁸

507 3779 528 3815 1
541 3780 594 3832 7.
628 3763 850 3831 Quonam
865 3782 1040 3833 genere
1056 3768 1268 3818 materia
1294 3768 1443 3818 scien·

419 3842 494 3892 tia
541 3842 814 3895 obliterata.
857 3844 922 3896 In
973 3844 1090 3897 aliis
1133 3844 1410 3899 codicibus
1424 3883 1442 3911 ,

425 3944 449 3965 ι
476 3923 626 3993 cujus
653 3922 906 3993 quoniam
938 3924 1145 3993 generis
1173 3924 1407 3979 materia
1425 3962 1442 3988 ,

415 4012 519 4054 etc.
533 4028 554 4049 ·
577 4000 925 4057 Scribendum
945 4003 1204 4073 conjicio,
1224 4003 1445 4057 «Thuiae

1516 2174 1673 2244 ponit
1692 2190 1907 2225 morum
1926 2210 1941 2237 ,
1975 2169 2125 2243 quod
2141 2170 2229 2224 bic
2256 2168 2406 2223 vides
2424 2170 2547 2223 fieri

1516 2251 1704 2306 itidem
1734 2269 1765 2305 a
1804 2250 1979 2304 Plinio
2009 2268 2023 2303 :
2056 2249 2169 2303 tum
2194 2251 2352 2303 etiam
2392 2248 2543 2320 quod

1516 2333 1693 2386 statim
1744 2330 2019 2403 subjungit
2070 2329 2301 2395 Plinius,
2356 2350 2379 2372 ε
2421 2346 2545 2399 que

1518 2410 1687 2467 odore
1734 2411 2039 2484 prmcellant
2076 2408 2365 2461 eternitate
2404 2426 2545 2479 pre-

1517 2504 1674 2545 stare.
1702 2516 1726 2538 ι
1750 2491 1820 2544 Ει
1844 2506 2007 2561 supra
2034 2488 2240 2542 Plinius
2265 2488 2408 2541 libro
2436 2501 2549 2541 ter-

1518 2572 1597 2625 tio
1624 2569 1867 2635 decimo,
1906 2588 2021 2640 cap.
2058 2570 2127 2621 16
2148 2606 2164 2630 ,
2198 2567 2267 2620 de
2288 2566 2434 2621 thuin
2462 2567 2547 2619 lo·-

1521 2669 1689 2723 quens
1704 2686 1719 2709 ‚
1742 2648 1924 2702 -Hanc
1936 2686 1955 2713 ,
1970 2648 2145 2719 inquit
2158 2685 2173 2712 ,
2200 2646 2341 2699 inter
2352 2644 2548 2700 odores

1518 2731 1599 2783 uti
1621 2727 1779 2783 tradit
1798 2729 1855 2781 in
1872 2727 2078 2782 deliciis
2104 2728 2303 2781 Circes.
2330 2752 2353 2775 ι
2370 2726 2543 2779 Pin.

1521 2840 1602 2852 —
1620 2811 1845 2879 Quonam
1856 2827 2046 2879 genere.
2075 2808 2163 2861 Sic
2178 2805 2301 2859 libri
2318 2804 2480 2872 editi,
2494 2820 2547 2860 ct

1521 2889 1687 2943 MSS.
1706 2884 1841 2959 neg.
1866 2900 1970 2941 etc.
2000 2884 2182 2938 ΒΑΜ).

1609 2970 1699 3023 18.
1740 2970 1801 3022 In
1830 2968 2027 3038 plenum
2068 2966 2170 3018 dica·
2205 2976 2393 3036 potest.
2440 2978 2549 3018 etc.

1530 3074 1553 3096 ι
1583 3048 1648 3101 Ιιι
1690 3048 1909 3119 plenum
1954 3044 2065 3099 dici
2100 3056 2308 3116 potest,
2360 3044 2553 3115 utique

1523 3145 1642 3200 quc
1662 3124 1832 3181 odore
1856 3124 2160 3199 precellunt
2180 3142 2266 3176 ess
2277 3164 2292 3189 ,
2320 3136 2373 3177 et
2394 3137 2553 3177 ater-

1522 3207 1687 3260 nitate
1713 3218 1983 3278 prostare.
2002 3229 2026 3251 ι
2060 3205 2141 3257 Ita
2162 3200 2463 3275 corrigend.
2490 3205 2553 3256 In

1517 3287 1711 3357 plenum
1727 3326 1743 3353 ,
1808 3288 1927 3347 ὅλως
1950 3323 1967 3351 ,
2022 3286 2223 3337 mosten
2244 3321 2261 3349 ,
2304 3284 2553 3336 συνελόντι

1526 3368 1697 3420 simi-e.
1726 3368 1898 3420 Sum.
1927 3396 2007 3409 —-·
2028 3364 2090 3415 In
2112 3364 2309 3434 plenum
2338 3362 2439 3416 dica·
2455 3382 2553 3433 po-

1528 3458 1633 3499 test.
1662 3446 1751 3500 Sic
1775 3445 1926 3499 MSS.
1950 3446 2083 3514 Reg.
2108 3442 2269 3497 Colb.
2296 3454 2402 3496 etc.
2424 3443 2553 3495 Non

1526 3526 1627 3578 dici
1639 3544 1741 3597 par·
1766 3538 1839 3577 est
1856 3563 1873 3591 ,
1914 3536 1976 3577 ιιι
2002 3540 2284 3595 perperam
2316 3524 2375 3575 in
2398 3522 2555 3576 Chif-

1526 3604 1636 3658 flet.
1672 3604 1884 3676 legitur.
1922 3602 2046 3656 Hoc
2076 3620 2181 3655 vox
2199 3642 2214 3667 ,
2244 3606 2297 3655 in
2327 3602 2560 3671 plenum,

1526 3685 1831 3753 summatim
1862 3723 1878 3750 ,
1931 3681 2177 3735 universe
2204 3720 2221 3748 ,
2292 3681 2516 3734 omnino
2545 3722 2563 3745 ,

1526 3777 1696 3819 sonat.
1732 3762 1913 3817 liano.

1614 3862 1703 3914 19.
1748 3846 1803 3897 A
1824 3842 2091 3915 proedieeh.
2128 3841 2247 3893 Hoc
2278 3850 2393 3905 est,
2432 3852 2561 3911 post

1526 3922 1811 3995 pradictus
1840 3941 1853 3977 ε
1884 3920 2132 3986 cedrum,
2166 3920 2397 3972 ebenum
2416 3956 2433 3982 ,
2462 3938 2559 3972 cu·

1526 4020 1787 4074 pressum.
1834 4000 2191 4071 Tbeopbnst.
2222 4000 2295 4065 V,
2340 4000 2395 4053 5.
2438 3998 2509 4051 Η.
