2850 4684
1082 334 1401 401 LIBER
1449 332 1608 401 XV.
1699 388 1708 395 .

2251 332 2398 419 415

251 426 471 563 passo.
527 466 739 537 Sorba
782 486 1049 559 quoque
1098 478 1167 534 et
1218 464 1600 549 scrobibus,
1663 450 1978 560 gypsato³
2035 468 2358 589 operculo
2374 522 2392 557 ,

250 572 465 643 duum
504 573 749 668 pedum
778 586 955 640 terra
982 561 1516 666 superinducta¹⁸,
1533 573 1602 641 in
1637 570 1786 643 loco
1821 575 2087 667 aprico,
2117 575 2394 647 inversis

254 683 463 767 vasis3
506 694 573 749 et
610 682 679 747 in
715 676 935 765 doliis,
980 692 1057 747 ut
1096 700 1293 765 uvas,
1336 702 1490 747 cum
1536 680 1734 749 ramis
1775 680 2112 774 suspendi.

362 790 421 854 E
474 786 793 881 proximis
810 782 1247 853 ¹¹auctoribus
1291 784 1559 877 quidam
1599 783 1792 855 altius
1835 810 2064 855 curam
2100 801 2380 881 petunt.
2423 800 2452 857 A

250 892 693 987 deputarique
726 893 943 959 statim
982 915 1183 985 poma
1226 914 1305 957 ac
1348 888 1548 959 vites²
1587 890 1672 960 ad
1707 890 1888 961 hunc
1931 916 2124 961 usum
2169 896 2390 988 praeci·

254 1000 482 1093 piunt,
520 998 943 1067 decrescente
972 996 1162 1075 luna,
1206 1010 1359 1091 post
1388 996 1624 1067 horam
1661 996 1792 1066 diei
1819 985 2121 1067 tertiam³
2141 1051 2158 1079 ,

2225 999 2386 1070 caelo

250 1130 529 1192 sereno,
568 1130 645 1175 ac
682 1105 869 1173 siccis
904 1105 1135 1172 ventis.
1162 1100 1476 1172 Similiter
1509 1102 1708 1197 deligi
1753 1117 1926 1174 etex
1955 1103 2116 1174 locis
2158 1108 2386 1191 siccis,

248 1226 321 1279 et
384 1226 540 1280 ante
596 1210 961 1305 perfectam
1021 1211 1514 1294 maturitatem,
1569 1209 1794 1278 addito
1855 1225 1930 1279 ut
2003 1209 2156 1279 luna
2207 1213 2380 1281 infra

250 1334 499 1385 terram
544 1318 679 1385 sit:
720 1340 885 1384 uvas
912 1339 1083 1383 cum
1120 1304 1466 1385 malleolo⁴
1505 1318 1820 1417 sarmenti
1866 1316 2070 1401 duro,
2096 1317 2382 1413 demptis

250 1408 521 1493 forfice⁵
556 1421 1083 1515 corruptioribus
1113 1423 1353 1508 acinis,
1392 1424 1462 1489 in
1505 1421 1684 1491 dolio
1723 1424 1942 1517 picato
1971 1426 2220 1493 recenti
2249 1449 2389 1494 sus·

336 1578 390 1631 3.
413 1576 569 1630 Sorba
594 1596 711 1628 vero
743 1588 793 1627 et
832 1580 880 1627 in
906 1572 1149 1627 scrobibus
1176 1592 1273 1645 gy-

240 1670 391 1727 ‘nato
415 1658 634 1727 opert-ulo
646 1696 664 1723 ‚
683 1657 827 1708 duum
839 1656 1017 1726 pedum
1046 1666 1175 1706 tem
1193 1674 1275 1707 su·

240 1738 549 1807 perinducta.
602 1737 781 1791 Verba
824 1736 1099 1789 manifeste
1144 1753 1277 1805 pro-

246 1829 465 1888 postero
498 1815 689 1870 ordine
728 1817 955 1887 scripta,
992 1815 1173 1885 sicque
1214 1827 1276 1867 ut

246 1898 421 1951 sentio
442 1894 800 1949 restituenda:
833 1921 856 1943 ι
879 1895 1047 1948 Sorba
1070 1912 1199 1946 vero
1220 1906 1275 1946 et

246 1978 303 2029 in
321 1976 599 2029 scrobibus
618 1976 786 2028 duum
809 1972 1005 2045 pedum
1029 1986 1273 2049 gypsato,

248 2070 350 2111 etc.
371 2082 393 2103 ι·
431 2054 728 2109 Columella
753 2054 893 2107 libro
926 2054 1031 2106 XII
1054 2092 1068 2117 ,
1096 2070 1141 2106 c.
1173 2072 1193 2107 ι
1211 2054 1269 2119 5,

240 2134 390 2190 ‘unde
438 2136 550 2188 haec
594 2136 753 2188 fuisse
794 2132 1071 2203 desumpta
1113 2152 1275 2204 appa·

242 2230 327 2269 ret
350 2214 629 2285 perspicue
649 2232 664 2270 ε
688 2214 891 2267 Plinius
909 2210 1122 2284 quoque
1153 2230 1269 2265 eam

244 2296 527 2349 lectionem
575 2295 855 2347 confirmat
914 2294 1077 2365 paulo
1127 2305 1270 2363 post,

238 2392 417 2446 quum
476 2373 607 2428 dicit
632 2392 647 2427 ε
682 2371 967 2443 *Plerique
1033 2389 1159 2423 vero
1213 2372 1269 2423 in

240 2456 430 2509 scrobe
484 2452 649 2507 duum
711 2450 913 2524 pedum
974 2448 1272 2504 altitudinis

240 2554 403 2588 arena
430 2536 693 2587 substrata
718 2544 771 2585 et
795 2531 943 2584 fictili
972 2532 1232 2602 operculo
1252 2568 1269 2597 ,

238 2612 437 2668 deinde
462 2626 601 2667 terra
623 2626 827 2684 operto.
850 2638 872 2657 ι
894 2608 1269 2681 Adstipulatur

236 2707 295 2747 et
352 2692 616 2747 Palladius
668 2690 939 2745 volumine
995 2688 1227 2743 secundo
1252 2728 1268 2757 ,

242 2774 401 2827 titulo
432 2770 935 2827 15.Pnt·r.--Sorba
970 2788 1089 2821 vero
1125 2782 1178 2820 et
1216 2773 1269 2821 in

237 2853 443 2907 serobe‘b.
462 2864 699 2923 gypsato,
726 2864 825 2904 etc.
847 2850 1140 2903 Columella
1169 2849 1264 2902 lib.

238 2933 379 2997 ΧΠ,
394 2950 507 3004 cap.
535 2936 630 2997 r63
651 2932 827 2984 Varro
844 2931 939 2983 lib.
956 2928 983 2980 1
998 2968 1013 2993 ,
1032 2948 1151 2999 cap.
1173 2932 1265 2983 68.

238 3014 377 3065 Du..
404 3042 487 3054 —
506 3012 661 3064 Sorba
702 3030 901 3083 quoque.
925 3008 1135 3064 Colum.
1170 3008 1263 3061 lib.

238 3090 369 3149 ΧΠ.
402 3110 517 3163 cap.
558 3096 815 3162 16„pag-
846 3094 991 3153 424:
1026 3114 1047 3136 ι
1068 3088 1269 3155 Sorba,

234 3170 414 3243 inquit
432 3210 447 3235 ,
484 3190 645 3224 manu
672 3171 831 3234 lecta,
857 3168 1064 3221 curiose
1089 3168 1145 3221 in
1174 3184 1266 3220 ur·

232 3251 414 3304 eeolos
436 3250 640 3321 picatos
666 3248 911 3321 adjicito,
938 3260 991 3301 et
1012 3246 1264 3319 opercula

234 3330 409 3401 picata
456 3330 749 3401 imponito,
781 3341 833 3382 et
872 3346 1040 3398 gypso
1064 3328 1221 3380 linito
1246 3344 1263 3379 z

232 3422 348 3462 tum
366 3410 645 3464 scrobibus
666 3406 977 3479 bipedaneis
992 3408 1131 3460 sicco
1142 3406 1262 3459 loco

232 3488 371 3542 intra
411 3502 618 3543 tectum
664 3488 815 3541 factis
840 3486 1079 3540 urceolos
1124 3486 1263 3539 intra

228 3570 525 3634 collocato,
579 3582 638 3622 ut
697 3566 863 3620 oblita
926 3584 1016 3619 ora
1070 3583 1261 3619 eorum

227 3646 479 3703 ‹leorsum
514 3659 751 3721 spectent
780 3660 795 3695 τ
831 3644 1025 3700 deinde
1066 3658 1261 3697 terram

228 3730 503 3798 congerite
521 3770 538 3792 ,
572 3742 625 3782 et
648 3726 859 3781 modice
897 3725 1127 3795 desuper
1158 3724 1263 3775 cal-

230 3820 364 3861 cato.
390 3836 412 3855 .-
484 3808 659 3861 Habet
710 3806 897 3861 eadem
966 3800 1265 3868 Palladius,

230 3888 324 3939 lib.
345 3888 433 3945 11.
459 3888 511 3939 in
533 3888 753 3940 Ianuar.
775 3888 855 3939 tit.
887 3886 953 3939 15
977 3923 992 3949 ‚
1019 3902 1137 3955 pag.
1167 3882 1259 3947 45.

228 3965 409 4017 flant».

1447 1581 1499 1638 4.
1533 1574 2014 1646 Superiteducta.1ta
2054 1580 2183 1649 Reg.
2225 1601 2273 1634 1.
2317 1582 2388 1635 At

1364 1656 1492 1725 Reg.
1526 1674 1554 1707 π
1576 1692 1591 1719 ,
1619 1656 1774 1709 Con».
1803 1656 1906 1711 Th.
1949 1670 2002 1711 et
2025 1658 2125 1711 Ch.
2169 1664 2385 1730 περονίσι-

1366 1746 1520 1801 tecta,
1553 1733 1802 1789 videlicet
1837 1751 1896 1791 ut.
1931 1738 2090 1791 sorba
2127 1740 2387 1795 subintel-

1362 1812 1512 1885 ligas.
1542 1815 1722 1869 Hann.

1450 1912 1496 1945 1.
1541 1896 1594 1945 E
1623 1899 1872 1965 proximis.
1916 1896 1962 1947 E
1999 1897 2386 1955 recentioribus

1360 1990 1420 2025 ae
1447 1974 1662 2025 novitiis
1688 1975 2052 2047 scriptoribus.
2080 1977 2388 2035 columellae

1360 2052 1474 2105 haec
1521 2054 1715 2113 verba,
1765 2056 1858 2107 lib.
1918 2056 2058 2121 xa,
2108 2076 2226 2127 cap·
2280 2058 2383 2124 43,

1359 2151 1477 2205 pag.
1513 2133 1657 2196 445:
1688 2156 1708 2177 ι
1727 2134 1916 2186 Omnis
1941 2149 2114 2188 autem
2146 2154 2244 2190 uva
2271 2138 2384 2192 sine

1357 2230 1496 2263 noxa
1517 2213 1712 2266 servari
1738 2225 1940 2285 potest,
1959 2215 2004 2267 si
2035 2216 2160 2268 luna
2201 2216 2385 2271 decre·

1356 2306 1565 2358 scente,
1601 2304 1653 2345 et
1675 2312 1862 2346 sereno
1884 2294 2011 2348 caelo
2043 2310 2164 2368 post
2193 2296 2380 2350 horam

1354 2372 1598 2443 quartam
1622 2411 1637 2437 ,
1668 2392 1832 2445 quum
1875 2377 1982 2443 jam
2021 2376 2245 2429 insolata
2271 2389 2377 2441 est,

1356 2468 1458 2504 nec
1511 2452 1650 2505 roris
1705 2452 1996 2525 quidquam
2059 2454 2243 2519 habet,
2287 2457 2382 2509 viti

1357 2528 1684 2584 detrahatur.
1707 2558 1729 2578 ιι
1769 2530 1918 2584 Idem
1945 2531 2013 2586 de
2043 2534 2218 2604 pomis
2247 2554 2382 2605 prae-

1352 2607 1517 2680 cipit,
1542 2627 1660 2681 cap.
1682 2610 1774 2674 45.
1803 2610 1980 2664 Ηιιιυ.

1443 2709 1495 2742 2.
1541 2692 1623 2742 Ac
1665 2694 1792 2741 vites
1823 2690 1894 2741 ad
1931 2690 2054 2741 hunc
2089 2709 2224 2743 usum
2254 2707 2382 2761 pra·-

1352 2771 1566 2839 cipe'eme,
1594 2782 1694 2822 etc.
1738 2771 1818 2823 Ita
1857 2768 2010 2823 MSS.
2039 2788 2240 2823 omnes.
2273 2773 2382 2825 Aut

1354 2848 1488 2901 vites
1523 2846 1720 2901 dixisse
1767 2867 1868 2920 pro
1907 2848 2054 2913 uvis,
2101 2862 2196 2902 aut
2245 2868 2379 2904 neu-

1353 2939 1440 2979 tro
1456 2944 1647 2997 genere
1663 2930 1909 2981 arborem
1934 2926 2146 2981 videtur
2159 2947 2377 3000 pomum

1352 3006 1676 3077 appellasse,
1739 3026 1806 3061 ex
1872 3026 1976 3078 qua
2038 3004 2381 3063 demetuntur

1356 3086 1510 3139 mala.
1546 3088 1803 3157 Deputari
1835 3104 1961 3141 vero
1991 3086 2267 3155 arborem,
2297 3092 2380 3145 vi-

1356 3176 1567 3231 temve,
1597 3166 1914 3221 vindemiari
1941 3179 2034 3221 est.
2063 3164 2244 3222 Eun.

1439 3248 1490 3299 3.
1534 3246 1654 3298 Diei
1703 3252 1906 3301 tei-eiam.
1949 3246 2104 3301 MSS.
2161 3266 2379 3314 omnes,

1345 3336 1462 3396 post
1498 3326 1664 3378 horam
1703 3348 1786 3380 ceu
1819 3332 2023 3381 tertiam.
2049 3326 2342 3383 Columella
2361 3366 2378 3397 ,

1350 3416 1590 3477 quartam.
1621 3402 1812 3459 Ham).

1436 3492 1488 3549 4.
1523 3485 1646 3537 Cum
1666 3486 1905 3538 malleolo.
1936 3486 2214 3539 Malleolus
2243 3486 2380 3540 dici-

1352 3574 1442 3617 tur
1459 3565 1658 3635 palmes
1680 3566 1802 3619 vitis
1817 3584 2018 3632 novus,
2042 3566 2239 3658 prioris
2251 3568 2380 3620 anni

1351 3642 1612 3715 flagello,
1665 3646 1774 3700 sive
1827 3658 2094 3699 sarmento
2149 3646 2380 3699 innatus.

1352 3724 1540 3776 Haut).

1435 3810 1486 3858 5.
1517 3804 1739 3875 Demptis
1765 3803 1960 3873 forfice.
2001 3804 2212 3858 Colum.
2258 3805 2292 3856 l.
2332 3822 2379 3857 c.

1353 3902 1472 3955 pag.
1499 3890 1640 3955 447:
1665 3882 1906 3940 «Vitiosa
1930 3900 2090 3954 grana
2110 3883 2382 3936 forficibus

1352 3975 1714 4034 amputantur.
1735 3988 1757 4009 ι
1795 3962 1981 4015 lino.
