2850 4684
463 378 601 453 550
1003 384 1079 450 C.
1131 382 1461 451 PLINII
1507 382 1724 451 NAT.
1778 382 2032 452 HIST.

458 528 734 611 sequuta
761 499 957 585 aetas⁶
975 512 1220 584 scelere
1253 538 1374 601 suo
1401 516 1830 611 interpretata
1856 492 1955 585 est
1974 515 2150 583 hanc
2172 517 2599 603 sententiam,

459 620 725 717 quando
777 644 1000 689 semen
1039 618 1251 691 salicis
1287 620 1543 690 mulieri
1586 621 1942 692 sterilitatis
1988 620 2597 691 medicamentum⁷

459 752 600 797 esse
631 740 909 796 constat.
941 725 1128 795 Sed
1111 751 1180 795 111
1220 727 1350 795 hoc
1394 752 1657 857 quoque
1681 728 2041 849 providens
2078 740 2354 813 natura,
2394 728 2597 797 facile

459 834 782 918 nascenti,
837 846 905 901 et
962 831 1243 926 depacto
1297 819 1603 901 surculo⁸
1606 886 1626 920 ‚
1676 834 2065 905 incuriosius
2108 857 2333 901 semen
2385 834 2592 902 dedit.

461 942 614 1009 Una
657 936 928 1008 tamen⁹
972 936 1278 1033 proditur
1311 937 1396 1006 ad
1436 941 1879 1010 maturitatem
1915 936 2210 1033 perferre
2246 938 2485 1027 solita,
2522 942 2593 1007 in

459 1046 664 1114 Creta
695 1042 964 1130 insula,
1003 1045 1150 1138 ipso
1183 1042 1505 1114 descensu
1547 1048 1727 1115 Jovis
1778 1044 2135 1140 speluncae,
2198 1058 2467 1113 torvum
2521 1045 2595 1113 li-

463 1175 870 1247 gneumque‚
911 1150 1362 1243 magnitudine
1407 1152 1661 1220 ciceris.-

568 1258 852 1326 XLVII.
876 1256 1074 1323 Fiunt
1097 1280 1257 1323 vero
1284 1256 1581 1350 quaedam
1616 1257 1742 1326 loci
1776 1254 1933 1325 vitio
1956 1256 2400 1342 infructuosa,
2422 1259 2595 1326 sicut

465 1365 534 1431 in
573 1366 746 1431 Paro
787 1359 950 1431 silva
987 1360 1245 1448 caedua,
1278 1386 1423 1456 quae
1458 1361 1622 1431 nihil
1664 1362 1810 1431 fert.
1850 1364 2124 1432 Persicae
2160 1362 2473 1431 arbores¹
2524 1365 2591 1431 in

463 1467 707 1538 Rhodo
736 1468 974 1537 florent
1001 1482 1280 1537 tantum.
1319 1470 1422 1537 Fit
1454 1468 1599 1537 haec
1634 1467 2005 1537 differentia
2033 1481 2101 1536 et
2124 1492 2205 1535 ex
2241 1468 2440 1536 sexu²
2472 1493 2489 1535 :
2527 1471 2591 1535 in

463 1576 672 1669 iisque
708 1574 922 1644 mares
951 1598 1086 1643 non
1126 1572 1364 1641 ferunt.
1393 1572 1606 1669 Aliqui
1645 1560 1816 1643 hoc³
1856 1587 2333 1667 permutantes,
2379 1598 2595 1642 mares

465 1706 640 1764 esse,
676 1705 823 1775 quae
855 1680 1097 1765 ferant,
1133 1678 1425 1748 tradunt.
1462 1682 1641 1750 Facit
1674 1694 1743 1749 et
1778 1680 2064 1749 densitas
2102 1678 2535 1748 sterilitatem.

571 1788 887 1855 XLVIII.
949 1784 1401 1879 Gignentium¹
1453 1799 1671 1853 autem
1700 1784 1997 1880 quoedam
2033 1800 2100 1853 et
2134 1784 2449 1854 lateribus
2488 1812 2593 1855 ra·

467 1916 728 1961 morum
753 1945 772 1978 ,
809 1906 874 1961 et
903 1889 1364 1960 cacuminibus·
1398 1888 1621 1959 ferunt
1648 1917 1663 1957 ε
1696 1906 1774 1959 ut
1820 1892 2002 1986 pirus
2022 1942 2042 1975 ‚
2078 1892 2356 1975 Punica,
2388 1890 2591 1977 ficuS,

469 2010 719 2089 myrtus
757 2023 772 2065 :
819 2011 1058 2067 caetero
1103 1996 1332 2065 eadem
1383 1995 1678 2085 natura²,
1731 2022 1876 2091 quae
1925 1996 2243 2090 frugibus,
2287 1996 2590 2091 Namque

468 2104 628 2170 etin
656 2104 748 2171 eis
775 2106 956 2196 spica
977 2104 1043 2170 in
1072 2103 1412 2171 cacumine
1445 2104 1767 2189 nascitur,
1794 2101 2125 2199 legumina
2154 2104 2223 2170 in
2256 2101 2587 2173 lateribus».

469 2302 740 2357 Θάλλουσαν·
779 2304 811 2361 ἢ
853 2302 958 2356 ἐπεὶ
1001 2306 1044 2355 οἱ
1084 2304 1302 2364 πίνοντες
1347 2303 1484 2365 ἄνθος

1572 2305 1747 2359 luncae
1772 2304 1917 2360 aditu
1947 2306 2106 2360 fuisse
2134 2318 2187 2359 et
2220 2306 2483 2378 populum
2508 2306 2591 2359 ni-

467 2386 632 2448 ἶτέας,
663 2384 827 2455 ἄγονοι
865 2379 1167 2449 διαμένουσι.
1217 2382 1483 2447 Quoniam

1572 2404 1751 2456 gram,
1784 2404 1907 2457 qna
1942 2386 2177 2440 fructum
2208 2387 2388 2440 ferret.
2416 2386 2588 2439 Theo-

467 2462 654 2516 florem
683 2461 878 2515 emittit
907 2480 922 2515 :
951 2462 1038 2513 vel
1077 2459 1224 2533 quod
1259 2461 1316 2514 in
1351 2474 1485 2535 potu

467 2554 708 2614 sumptus
735 2540 1059 2595 sterilitatem
1085 2538 1308 2595 inducit.
1337 2542 1407 2595 H.

549 2628 601 2677 6.
649 2621 866 2693 sequuta
909 2632 1044 2675 oetas.
1087 2621 1487 2692 Theophrastus

473 2704 520 2755 lv
541 2706 754 2773 φυτικοῖς
771 2739 788 2767 ,
809 2701 1004 2755 citante
1025 2699 1264 2770 Didymo
1278 2702 1378 2754 loe.
1395 2703 1485 2755 cit.

469 2782 805 2835 Democritus
853 2782 910 2834 in
963 2779 1203 2853 Geopou.
1241 2779 1334 2833 lib.
1370 2780 1451 2833 XI
1468 2820 1481 2843 ,

469 2879 584 2933 gap.
621 2868 715 2926 14,
741 2880 858 2933 pag.
892 2859 1032 2925 312,
1053 2861 1144 2913 ubi
1170 2858 1488 2913 Homericus

473 2957 649 2994 versus
691 2941 762 2993 ita
799 2940 1052 2993 scribitur
1076 2978 1092 3004 ‚
1149 2940 1362 3009 Κλῆοραί
1404 2946 1484 3002 τ’,

471 3020 670 3089 αἴγειροι
684 3058 702 3085 ,
714 3019 938 3072 acclivius
953 3020 1292 3087 ὠλεσίκαρποι.
1307 3018 1486 3071 Diosc.

470 3096 605 3149 lib.1
618 3136 634 3161 ‚
647 3115 767 3168 pag.
793 3114 815 3149 ι
829 3098 931 3162 365
951 3096 1141 3149 AElian.
1155 3096 1286 3152 fflst.
1303 3096 1485 3150 Anim.

468 3175 564 3228 lib.
598 3176 677 3227 1v
695 3212 712 3236 ,
755 3192 870 3244 cap.
903 3174 972 3227 23
993 3214 1009 3237 ,
1053 3192 1114 3227 ac
1139 3174 1345 3229 Plinius
1374 3177 1489 3247 ipse

469 3270 678 3306 rursum
705 3254 798 3315 lib,
829 3252 1030 3317 xxw,
1069 3272 1183 3325 cap.
1211 3255 1304 3309 38.
1335 3256 1405 3309 Η.

465 3388 470 3394 ,
553 3352 606 3403 7.
620 3332 1304 3403 Medicamneumsrdppaxov
1315 3334 1487 3406 ,quod

471 3411 796 3466 sterilitatem
818 3408 992 3465 affert.
1020 3412 1202 3467 Eun.

552 3492 606 3544 8.
639 3493 715 3545 Et
737 3490 937 3561 depacto
961 3492 1168 3545 surculo.
1196 3493 1377 3558 Quum
1403 3495 1487 3547 vel

381 3636 388 3648 Ι
471 3569 728 3641 depacto,
767 3570 965 3641 inquit,
1003 3572 1058 3623 in
1104 3585 1297 3625 terram
1341 3573 1489 3627 nulla

472 3651 580 3704 fere
605 3664 752 3713 arte,
794 3650 877 3701 vel
915 3650 1147 3716 cultura,
1191 3652 1342 3705 facile
1371 3654 1483 3705 haec

469 3742 712 3782 nascatur
729 3730 885 3783 arbos
899 3766 916 3793 ,
939 3729 1304 3800 indiligentius
1324 3732 1371 3784 ei
1393 3750 1486 3783 na

471 3822 590 3863 tura
613 3826 790 3861 semen
815 3805 964 3862 dedit
979 3846 996 3874 ,
1015 3808 1160 3881 quod
1175 3812 1260 3863 vix
1286 3811 1484 3882 perfert

469 3887 534 3943 ad
562 3888 934 3943 maturitatem.
961 3886 1142 3939 limo.

551 3992 604 4040 9.
642 3970 750 4021 [lna
785 3980 956 4023 tanna.
990 3969 1053 4021 Iu
1087 3968 1318 4040 ejusdem
1363 3986 1480 4039 spe·

1576 2465 1775 2537 plu-ast.
1810 2466 1946 2519 Hist.
1974 2464 2069 2518 lib.
2090 2466 2201 2526 111.
2228 2484 2351 2523 can.
2377 2466 2431 2519 5.
2461 2466 2529 2518 Η.

1654 2544 1883 2600 XLVII.
1934 2563 1983 2599 x.
2034 2546 2243 2598 Persice
2286 2546 2494 2597 arbom.
2526 2542 2589 2597 Id

1572 2626 1677 2694 jsm
1707 2624 1947 2695 superius
1978 2638 2329 2679 memoratum
2360 2625 2455 2677 lib.
2466 2624 2567 2676 XV
2571 2662 2587 2685 ,

1574 2722 1690 2773 esp.
1731 2703 1817 2757 13.
1858 2702 2009 2755 Idem
2063 2702 2131 2755 de
2171 2704 2361 2756 arbore
2404 2704 2583 2755 Perses

1572 2782 2001 2852 Theophrastus,
2046 2783 2181 2836 nist.
2210 2783 2302 2836 lib.
2328 2783 2446 2846 m,
2470 2800 2585 2852 cap.

1578 2864 1646 2926 53
1670 2861 1920 2932 quonism
1946 2861 2104 2914 arbos
2128 2874 2349 2933 utraque
2370 2862 2585 2933 AEgypti

1574 2938 1820 3010 indigena
1842 2940 1958 2994 fuit.
1988 2937 2172 2991 ΗΑιιι).

1656 3040 1708 3072 ιι.
1734 3020 1824 3073 Fit
1846 3022 1949 3071 hoee
1972 3059 1986 3072 .
2014 3061 2025 3073 .
2046 3060 2058 3073 .
2088 3030 2138 3070 et
2160 3040 2221 3071 ex
2247 3039 2382 3071 sexu.
2422 3018 2585 3090 Apud

1574 3098 1849 3169 Theophr.
1876 3098 2009 3151 Hist.
2037 3100 2129 3152 lib.
2157 3100 2271 3158 ΠΙ,
2296 3116 2411 3169 αιΡ.
2428 3098 2561 3153 6.11.

1660 3178 1711 3231 3.
1730 3178 1905 3251 Aliqm'
1921 3180 2025 3230 lwc.
2044 3178 2315 3249 Theophr.
2336 3178 2375 3229 l.
2401 3197 2449 3231 c.
2475 3179 2543 3230 Η.

1654 3258 1908 3310 XLVIII.
1930 3277 1949 3310 1
1962 3297 1975 3310 .
1994 3256 2323 3327 Gignentium.
2340 3257 2582 3327 Theoph.

1574 3336 1709 3389 Hist.
1736 3336 1829 3388 lib.
1860 3338 1912 3400 1,
1940 3354 2055 3407 cap.
2093 3338 2184 3389 23.
2214 3334 2391 3389 Hum.

1661 3435 1710 3469 2.
1743 3416 1931 3469 Coetero
1950 3416 2113 3467 eadem
2152 3428 2343 3468 natm.
2384 3416 2582 3469 Cotem

1576 3508 1815 3548 constant
1854 3495 1935 3548 hae
1974 3497 2195 3549 arbores
2224 3492 2407 3548 eedem
2436 3506 2582 3547 netu·

1576 3593 1667 3639 ra,
1714 3592 1835 3666 quse
1872 3575 2115 3644 frugibus
2152 3576 2304 3628 inest.
2348 3574 2581 3646 Namque

1571 3666 1627 3705 et
1654 3653 1709 3705 in
1736 3654 1863 3724 ipsis
1888 3654 2129 3725 frugibus
2156 3654 2297 3724 spica
2320 3666 2397 3707 est
2422 3654 2478 3705 in
2502 3673 2575 3707 ce-

1571 3734 1809 3797 camme,
1838 3733 1969 3787 utin
1995 3735 2299 3786 frumento.
2326 3734 2583 3804 legumina

1573 3823 1693 3864 sunt
1721 3802 1778 3865 in
1808 3812 2086 3878 lateribus,
2110 3826 2173 3865 ut
2199 3812 2255 3864 in
2287 3813 2426 3865 faba.
2464 3810 2579 3865 Hac

1572 3891 1777 3945 Plinius
1822 3891 1978 3956 fere,
2036 3890 2131 3945 sed
2179 3891 2286 3944 alio
2332 3905 2477 3945 certe
2522 3908 2577 3943 ex

1574 3970 1719 4023 sonte
1736 4010 1751 4034 ,
1773 3989 1929 4041 quam
1958 3990 2015 4023 ex
2042 3972 2091 4023 ’1
2092 3972 2455 4041 heopbrastO.
2464 3972 2526 4022 H.
