2850 4684
401 846 420 880 1

477 366 627 453 642
1004 368 1080 435 C.
1138 366 1479 435 PLINII
1536 368 1759 435 NAT.
1816 367 2072 437 HIST.

473 496 710 567 malleo
739 501 866 566 tusi
896 551 915 584 ,
961 498 1212 567 amissis
1249 498 1607 567 corticibus
1636 499 1947 567 interiore
1980 522 2181 569 carne
2214 498 2611 575 lentescunt.

471 608 616 675 Hoc
653 618 753 675 est
799 590 1084 674 viscum⁵
1142 607 1380 699 pennis
1417 606 1639 674 avium
1678 619 1861 675 tactu
1904 604 2211 700 ligandis,
2254 605 2405 677 oleo
2446 608 2609 678 sub·

467 726 720 797 actum,
747 736 953 806 quum
996 709 1192 779 libeat
1228 710 1494 781 insidias
1531 709 1765 781 moliri.

573 821 789 889 XCV.
831 820 987 888 Non
1028 830 1128 887 est
1156 817 1521 887 omittenda
1552 818 1622 886 in
1656 842 1737 887 ea
1769 842 1840 886 re
1872 832 1942 887 et
1976 816 2349 889 Galliarum
2390 820 2603 891 admi·

465 926 652 994 ratio.
697 922 880 993 Nihil
922 926 1172 994 habent
1209 922 1531 993 Druides¹
1576 916 1715 1010 (ita
1756 948 1911 995 suos
1948 922 2285 1019 appellant
2328 922 2607 1021 magosl

465 1010 675 1120 visco,
719 1046 786 1101 et
834 1031 1074 1101 arbore
1093 1082 1113 1112 ‚
1156 1032 1223 1099 in
1265 1054 1398 1125 qua
1440 1032 1749 1125 gignatur
1774 1083 1794 1116 ,
1848 1030 1901 1099 si
1961 1029 2165 1101 modo
2210 1033 2297 1103 sit
2355 1034 2607 1113 robur,

463 1140 800 1208 sacratius.
853 1140 1002 1207 Jam
1053 1162 1170 1232 per
1211 1160 1280 1206 se
1336 1136 1655 1206 roborum
1705 1133 1959 1230 eligunt
2008 1134 2231 1223 lucos,
2288 1163 2413 1209 nec
2470 1139 2603 1209 ulla

463 1268 648 1315 sacra
678 1245 818 1313 sine
851 1268 934 1313 ea
975 1242 1211 1313 fronde
1248 1240 1650 1328 conficiunt,
1694 1256 1771 1311 ut
1802 1242 1955 1311 inde
1987 1242 2298 1337 appellati
2331 1270 2605 1340 quoque

461 1351 1002 1446 interpretatione
1047 1374 1262 1444 graeca
1297 1351 1553 1444 possint
1584 1348 1874 1419 Druides
1894 1346 1913 1372 ²
1955 1348 2183 1421 videri.
2236 1352 2605 1421 Enimvero

461 1457 780 1552 quidquid
807 1456 1204 1526 adnascatur
1237 1454 1395 1539 illis,
1423 1482 1463 1525 e
1490 1453 1651 1524 coelo
1684 1456 1957 1524 missum
1993 1470 2235 1550 putant
2253 1508 2273 1543 ,
2304 1458 2599 1551 signum—

459 1587 588 1657 que
624 1588 764 1633 esse
805 1561 1030 1634 electae
1064 1563 1149 1631 ab
1182 1565 1326 1658 ipso
1355 1562 1505 1630 Deo
1532 1561 1809 1630 arboris.
1846 1564 1967 1630 Est
1999 1576 2222 1631 autem
2268 1562 2334 1631 id
2370 1588 2597 1635 rarum

461 1668 822 1740 admodum
863 1673 1174 1753 inventu,
1205 1683 1274 1739 et
1309 1682 1645 1763 repertum
1680 1691 1921 1763 magna
1957 1665 2272 1762 religione
2428 1672 2599 1740 itur:

460 1790 526 1845 et
557 1790 712 1845 ante
741 1776 964 1845 omnia
993 1791 1176 1847 sexta
1203 1774 1394 1859 luna,
1433 1799 1580 1869 quae
1608 1774 1937 1869 principia
1961 1776 2287 1847 mensium
2378 1800 2599 1847 anno-

462 1904 740 1977 rumque
784 1881 888 1952 his
929 1882 1126 1970 facit,
1172 1897 1240 1952 et
1283 1879 1500 1952 soeculi
1550 1894 1619 1949 et
1662 1894 1815 1974 post
1866 1880 2275 1951 tricesimum
2314 1906 2601 1969 annum,

453 2087 606 2155 jectis
635 2086 956 2151 corticibus,
987 2098 1226 2142 remanet
1259 2084 1483 2139 interior

457 2183 580 2219 caro
598 2203 615 2228 ,
659 2184 776 2237 quo
817 2166 1088 2229 lentescit,
1115 2162 1246 2217 dum
1293 2176 1481 2219 tracta-

459 2259 564 2298 tur.
589 2246 775 2298 Hsnn.

543 2324 596 2377 5.
640 2324 698 2375 V
691 2329 854 2375 irem.
878 2323 1018 2375 Scite
1037 2322 1256 2375 Plautus
1281 2323 1336 2373 in
1351 2322 1481 2375 Bac-

457 2404 736 2459 chidibus:
758 2428 783 2452 ι
805 2403 995 2454 Viscus
1019 2420 1195 2453 merus
1221 2415 1389 2455 vestra
1403 2414 1481 2455 est

457 2482 747 2539 blanditia:
775 2506 798 2529 a
833 2500 1027 2554 nempe
1063 2479 1131 2535 ad
1157 2498 1242 2533 me
1262 2482 1481 2551 eapien-

455 2564 588 2619 dum
611 2562 886 2619 illecebra.
916 2563 1166 2631 laqueus,
1189 2560 1480 2627 tendicula,

457 2644 684 2700 insidia.
714 2642 865 2697 Idem
903 2641 1133 2712 scriptor
1164 2640 1350 2695 eadem
1387 2660 1481 2696 co·

459 2724 692 2779 moedia:
723 2724 962 2777 «Tactus
996 2740 1110 2775 sum
1141 2722 1481 2775 vehementer

461 2807 634 2871 visco,
659 2822 756 2857 cor
788 2801 1008 2858 stimulo
1035 2800 1256 2855 foditur.
1273 2826 1298 2847 ι
1339 2803 1479 2853 Du..

535 2886 708 2939 XCV.
768 2900 817 2936 ι.
869 2882 1098 2935 Druides.
1143 2882 1224 2933 De
1267 2878 1481 2945 Bar-dis,

459 2965 702 3028 Divitiis,
719 2963 846 3017 etin
867 2962 1175 3015 universum
1197 2960 1477 3015 Gallorum

459 3045 699 3098 moribus
713 3083 730 3108 ‚
745 3040 868 3095 vide
883 3040 1122 3112 plurima
1141 3038 1284 3110 apud
1299 3038 1477 3095 Rhod.

457 3124 551 3175 lib.
577 3122 797 3184 xvnl,
825 3138 941 3189 esp.
968 3138 1032 3173 st
1056 3158 1073 3183 ‚
1099 3121 1390 3211 μενοι-τίω
1412 3138 1476 3173 ex

456 3202 736 3257 Strabone.
767 3202 967 3253 Dsuc.

539 3301 593 3335 ι.
647 3279 878 3334 ὒηιὲᾰσσ.
925 3279 970 3331 Α
1021 3295 1194 3348 grues
1241 3274 1477 3331 dictione

455 3358 572 3432 δρῦς
587 3401 604 3426 ,
627 3378 746 3433 quse
773 3356 942 3411 robur
967 3356 1257 3429 significet:
1279 3356 1395 3420 vel,
1417 3371 1479 3411 ut

453 3440 578 3506 alii,
605 3439 844 3499 malunt,
870 3453 901 3488 s
925 3437 1124 3491 Celtica
1147 3436 1321 3495 Drud,
1353 3455 1474 3507 quo

453 3519 666 3583 fortem,
681 3530 952 3571 strenuum
979 3533 1040 3570 sc
1059 3514 1270 3569 fidelem
1291 3530 1475 3571 sonat:

453 3598 600 3671 quod
651 3594 870 3669 quidem
918 3608 1138 3666 etymon
1183 3595 1476 3649 Bucherius

449 3690 632 3733 noster
655 3676 850 3748 probat
865 3674 918 3729 in
947 3675 1128 3746 Belgio
1153 3676 1308 3731 Rom.
1329 3675 1400 3739 V,
1417 3682 1471 3739 4,

451 3752 484 3819 S
521 3765 608 3823 ¹4-
627 3758 708 3811 De
727 3755 812 3809 his
825 3755 990 3807 mults
1013 3754 1189 3808 Cassi·
1201 3756 1262 3809 B.
1283 3754 1353 3808 G.
1367 3754 1469 3809 vl.

448 3837 554 3891 Diu
594 3837 751 3891 etiam
775 3846 892 3906 post
949 3833 1220 3888 inductam
1269 3833 1469 3889 Christi

1570 2084 1645 2137 cis
1658 2122 1675 2147 ,
1705 2082 1957 2137 arborum
1986 2084 2341 2157 luem-umque
2362 2088 2569 2141 cultum
2584 2128 2601 2154 ,

1568 2162 1751 2215 multis
1801 2162 2073 2234 proditum
2132 2176 2213 2219 est
2244 2166 2568 2221 testimoniis
2586 2206 2603 2231 ‚

1570 2260 1687 2313 quie
1736 2240 1861 2295 vide
1911 2242 2055 2312 apud
2106 2246 2193 2296 Du
2248 2246 2449 2299 Csnen
2466 2286 2483 2312 ,
2542 2248 2597 2300 in

1570 2320 1743 2375 Gloss.
1769 2341 1819 2376 ν.
1849 2322 2035 2376 Arbor.
2064 2325 2247 2380 Hsnn.

1652 2399 1705 2454 3.
1758 2402 1997 2455 Mensium
2054 2422 2395 2477 annorumque.
2452 2407 2595 2477 Ergo

1568 2480 1718 2534 annis
1734 2480 1815 2535 illi
1833 2499 1978 2537 mere
1990 2482 2268 2537 lunaribus
2286 2485 2595 2542 utebantur.

1566 2572 1629 2613 ut
1648 2559 1739 2613 hic
1760 2574 1945 2630 aperte
1964 2561 2183 2633 quidem
2198 2564 2403 2617 Plinius
2420 2562 2593 2619 docet.

1568 2638 1669 2693 Sed
1700 2638 1849 2711 quod
1894 2642 1985 2695 hie
2018 2641 2195 2695 obiter
2223 2642 2589 2699 adnotandum

1567 2732 1645 2773 est
1658 2758 1673 2784 ‚
1697 2720 1895 2773 mirum
1919 2720 2161 2791 profecto
2179 2759 2197 2787 ,
2217 2723 2431 2775 nullum
2448 2722 2591 2797 apud

1568 2798 1859 2863 Romanos,
1874 2800 2159 2855 Graecosve
2174 2838 2189 2860 ,
2212 2802 2296 2855 vel
2318 2802 2417 2859 hoo
2434 2804 2591 2857 etism

1568 2876 1815 2944 Druidas,
1822 2878 2280 2937 hebdomadarum
2298 2900 2457 2937 usum
2468 2884 2591 2939 fuis·

1568 2975 1643 3011 se.
1674 2958 1870 3029 Cyclas
1902 2959 2100 3015 seilicet
2136 2973 2337 3031 septem
2380 2961 2589 3019 dierum

1566 3036 1741 3090 Deum
1772 3037 2061 3109 ipsummet
2084 3040 2244 3093 habet
2274 3055 2543 3097 suctos-em
2570 3064 2585 3094 :

1564 3114 1659 3171 sed
1686 3117 1914 3171 Abrahae
1947 3119 2277 3189 temporibus
2314 3122 2587 3193 neglectus

1564 3197 1631 3249 ab
1658 3196 1999 3263 hominibus,
2025 3198 2152 3271 quie
2178 3213 2351 3256 essent
2384 3202 2445 3255 in
2468 3200 2589 3255 ido-

1561 3276 1827 3331 lolatrism
1846 3294 2031 3331 omnes
2054 3278 2165 3331 fere
2182 3280 2440 3351 prolapsi,
2464 3280 2588 3335 soh

1564 3354 1715 3411 hunc
1738 3356 1969 3411 servavit
2012 3358 2241 3413 Abx-she
2266 3358 2459 3414 domus
2485 3381 2499 3413 ι
2532 3372 2587 3415 et

1564 3452 1696 3489 mox
1720 3436 1847 3489 solis
1867 3435 2102 3491 Aba-aha
2130 3438 2358 3509 posteris
2384 3454 2465 3493 est
2493 3458 2583 3493 co·

1562 3514 1755 3586 gnitus.
1778 3511 1939 3567 Unde
1959 3516 2163 3589 populo
2190 3518 2481 3573 Israelitieo
2498 3517 2583 3574 di-

1561 3594 1733 3663 citur,
1759 3596 1925 3649 veluti
1962 3614 2075 3651 non
2111 3616 2255 3651 novo
2294 3596 2451 3663 dato,
2488 3597 2583 3653 sed

1560 3687 1738 3729 vetere
1786 3688 2048 3730 renovato
2098 3675 2347 3731 mandato
2360 3715 2379 3741 ‚
2426 3677 2581 3751 quod

1557 3754 1761 3807 abierat
1788 3753 1845 3807 in
1872 3752 2281 3809 desuetudinem
2304 3754 2447 3829 apud
2480 3776 2581 3813 cn·

1556 3844 1693 3887 teras
1712 3845 1893 3905 gentes
1912 3854 1925 3885 =
1950 3857 1972 3878 ι
1991 3848 2261 3889 memento
2280 3849 2339 3891 tu
2358 3848 2419 3889 ut
2438 3836 2579 3891 diem

445 3917 758 3989 religionem
777 3912 1056 3969 invaluisse
1069 3913 1124 3967 in
1143 3912 1316 3966 Gallia
1331 3952 1348 3977 ‚
1365 3912 1469 3965 Ita·
1552 3913 1757 3967 sabbati
1768 3914 2089 3981 sanctifices,
2106 3940 2127 3963 a
2156 3914 2437 3986 quomodo
2458 3918 2581 3971 fecit

441 3996 510 4050 lia
529 4034 546 4061 ‚
565 3994 875 4059 Ges-manin,
907 3992 1112 4058 Africa,
1137 3991 1358 4063 aliisque
1382 3992 1467 4045 lo-

1554 3990 1705 4058 Noe,
1750 3994 2167 4065 subsequutique
2196 3995 2445 4065 pmxime
2476 3994 2573 4049 filii
