2850 4684
491 359 638 431 208

1041 357 1120 425 C.
1160 350 1485 423 PLINII
1538 349 1741 422 NAT.
1798 354 2046 424 HIST.
2150 364 2155 379 '

488 518 570 563 ex
589 490 824 586 quibus
853 487 988 581 igni
1023 486 1156 557 duo
1185 486 1460 556 cremati
1494 486 1579 555 ab
1616 484 1757 581 ipsa
1781 540 1800 572 ,
1824 488 2054 555 tertius
2090 510 2239 555 cum
2270 486 2619 583 Capitolio

490 596 765 692 Syllanis
777 580 824 619 '³
852 594 1273 688 temporibus
1314 595 1640 662 Praeterea
1671 594 2011 661 Mutianus
2042 607 2143 661 ter
2184 593 2417 663 consul
2456 618 2620 688 pro-

491 703 654 773 didit
684 724 898 795 nuper
921 724 988 769 se
1007 698 1272 793 legisse,
1296 723 1499 792 quum
1523 697 1900 795 praesideret
1932 700 2181 792 Lychn,
2206 700 2617 793 Sarpedonis

490 833 531 878 a
571 807 770 900 Troja
811 807 1122 900 scriptam
1170 807 1240 873 in
1293 804 1606 899 quodam.
1639 802 1888 898 templo
1938 803 2227 899 epistolae
2280 804 2613 874 chartam.

490 913 692 1003 Quod
733 936 814 981 eo
833 930 836 933 ’
857 913 1066 1007 magis
1121 912 1324 980 miror
1343 960 1362 991 ‚
1415 913 1469 979 si
1521 909 1878 978 etiamnum
1931 912 2226 981 Homero
2276 902 2617 980 condente

488 1005 870 1115 AEgyptus²⁴
904 1043 1041 1085 non
1083 1031 1225 1086 erat
1262 1042 1280 1084 z
1327 1030 1443 1085 aut
1486 1040 1607 1086 cur
1627 1066 1647 1102 ,
1690 1016 1745 1085 si
1788 1015 1928 1109 jam
1968 1015 2078 1085 hic
2128 1029 2272 1085 erat
2306 1040 2503 1102 usne,
2540 1018 2618 1085 in

491 1127 634 1220 ipsa
689 1124 798 1193 illa
845 1125 1048 1218 Lycia
1063 1108 1110 1147 ²⁵
1172 1120 1663 1215 Bellerophonti
1724 1120 2063 1191 codicillos
2142 1122 2329 1191 datos
2364 1174 2387 1209 ‚
2470 1147 2615 1191 non

465 1214 884 1325 ,epistolas²⁶‚
949 1228 1258 1324 prodidit.
1323 1226 1744 1297 sterilitatem
1762 1224 1811 1267 ²⁷
1856 1230 2057 1297 sentit
2104 1228 2236 1297 hoc
2290 1252 2560 1321 quoque
2594 1255 2613 1297 ε

490 1337 868 1429 factumque
887 1335 1040 1427 ‘jam
1083 1335 1346 1403 Tiberio
1389 1333 1686 1427 principe
1726 1334 1951 1425 inopia
1986 1333 2264 1420 chartae,
2306 1348 2383 1403 ut
2420 1358 2458 1401 e
2500 1358 2616 1402 se-

488 1457 651 1512 natu
719 1442 1034 1511 darentur
1075 1441 1308 1510 arbitri
1370 1438 1823 1534 dispensandae
1846 1424 1895 1461 ²⁸
1940 1465 1955 1507 :

489 1551 628 1618 vita
661 1560 820 1617 erat.

2006 1436 2163 1508 alias
2202 1440 2272 1507 in
2316 1438 2619 1509 tumultu

479 1735 484 1739 ,
594 1653 920 1723 XXVIII.
943 1644 1144 1741 (xiv.)
1161 1651 1490 1745 AEthiopia
1506 1650 1825 1745 ,AEgypto
1854 1651 2260 1719 contermina
2276 1702 2295 1736 ,
2321 1650 2619 1745 insignes

491 1760 760 1828 arbores
789 1783 924 1827 non
958 1756 1360 1842 ferehabet,
1398 1770 1639 1853 praeter
1679 1755 2019 1843 lanifera5‚
2056 1780 2337 1849 quarum
2372 1770 2616 1826 natura

489 1866 560 1933 in
591 1864 1032 1959 descriptione
1062 1863 1385 1934 Indorum
1421 1877 1620 1957 atque
1648 1862 1906 1931 Arabiae
1937 1861 2112 1931 dicta
2132 1876 2233 1931 est
2255 1860 2299 1928 ¹.
2330 1863 2618 1957 Propior

485 2110 693 2164 Gellius
730 2121 784 2163 et
821 2110 978 2162 Dion.
1017 2107 1290 2161 Halicarn.
1326 2107 1385 2160 ll.
1427 2124 1505 2161 oc·-

487 2207 621 2261 quos
641 2200 704 2241 tu
733 2186 969 2239 consule.
991 2186 1176 2239 Hann.

567 2287 594 2320 a
606 2266 658 2319 3.
681 2266 911 2339 Syllanis.
941 2263 1082 2317 Vide
1103 2263 1198 2317 lib.
1219 2264 1465 2317 XXXIII
1482 2299 1502 2329 ,

372 2424 380 2433 ο
481 2366 598 2418 cap.
622 2346 675 2399 5.
703 2346 884 2398 Han.

568 2432 660 2489 24.
711 2424 984 2494 AEgypms.
1030 2420 1185 2475 Delta
1237 2422 1506 2494 AEgyptin-

484 2504 636 2568 cnm,
665 2517 725 2558 ut
745 2501 946 2557 dictum
973 2516 1048 2555 est
1068 2519 1186 2572 cap.
1215 2520 1304 2555 αι.
1335 2502 1404 2555 Η.

569 2584 660 2639 25.
701 2585 762 2637 In
801 2586 906 2653 ipsa
939 2582 1029 2634 ma
1061 2582 1230 2654 Lycia.
1267 2580 1501 2635 Bellero·

483 2665 677 2737 phonti
711 2664 770 2717 in
797 2662 957 2735 Lycia
991 2660 1274 2716 exsistenti.
1303 2660 1501 2714 Home·

481 2746 621 2798 ricos
633 2762 814 2798 vernus
831 2741 1334 2811 recitavimneaupra
1345 2779 1362 2808 ‚
1381 2758 1501 2811 cap.

490 2843 581 2878 21.
609 2823 794 2877 Ham).

572 2906 664 2955 26.
689 2900 949 2955 codicillos
961 2900 1126 2963 datos,
1141 2918 1235 2951 non
1261 2898 1501 2969 epistolas.

486 2980 716 3035 Tabulas
751 2980 952 3033 arcanis
989 2979 1505 3051 hieroglyphicisque

487 3060 674 3113 litteris
689 3070 919 3121 notatas,
939 3076 1051 3111 non
1072 3060 1376 3128 vulgaribus
1397 3059 1507 3112 ele-

489 3151 792 3191 mentorum
816 3138 1030 3201 formis,
1053 3138 1246 3209 quibus
1265 3137 1506 3210 epistola

397 3216 402 3224 ⁴
490 3216 912 3272 conscribuntur.
941 3218 1210 3269 Euentu.
1236 3248 1315 3260 —-
1342 3218 1509 3289 Cujus

491 3296 802 3351 sententiam
849 3314 956 3347 non
1015 3294 1085 3348 ita
1135 3294 1312 3349 laudo.
1346 3294 1509 3363 Quod

491 3395 618 3429 vero
659 3387 848 3445 putant
883 3372 1102 3445 quidam
1148 3376 1237 3427 hie
1275 3376 1511 3429 Plinium

492 3455 753 3508 incuriose
787 3452 1064 3509 codicillos
1082 3456 1148 3508 ab
1170 3455 1403 3526 epistolis
1427 3454 1508 3509 di-

491 3534 771 3606 stinguere,
787 3552 954 3605 quum
968 3532 1199 3587 codicilli
1209 3535 1344 3589 nihil
1359 3532 1507 3589 aliud

493 3616 599 3667 sint
629 3631 792 3684 quam
827 3613 1060 3684 epistolae
1081 3613 1282 3667 Latinis
1299 3654 1316 3678 ‚
1357 3632 1507 3669 nocu-

491 3692 716 3747 sandum
743 3693 844 3745 hae
864 3692 918 3745 in
945 3712 1004 3745 re
1033 3692 1262 3746 Plinium
1285 3693 1505 3747 minime

491 3790 705 3839 censeo,
721 3775 999 3826 mirantem
1029 3772 1072 3825 ei
1098 3774 1202 3841 jam
1235 3784 1348 3825 tum
1379 3790 1503 3826 neue

491 3855 682 3907 charta
707 3853 808 3906 fuit
824 3892 841 3917 ,
880 3848 1028 3924 quod
1055 3850 1259 3904 indicat
1288 3851 1505 3921 epistola

488 3932 804 4005 Sarpedonis
818 3970 834 4000 ,
855 3950 951 3987 cur
973 3950 1082 3986 non
1111 3930 1285 4003 potius
1305 3931 1507 3985 Proetus

1591 2104 1837 2160 mandate
1868 2125 1962 2162 sua
2004 2106 2059 2159 in
2097 2106 2277 2160 chuta
2319 2105 2613 2179 descripta,

1591 2204 1699 2257 qno
1758 2184 1920 2239 modo
1992 2186 2227 2258 epistola
2282 2187 2610 2252 mittuntur,

1590 2283 1750 2337 quam
1775 2265 2111 2337 pugillarium
2138 2264 2283 2335 ligno
2302 2268 2615 2339 consignata

1588 2344 1985 2415 Bellerophonti
2016 2342 2221 2397 dederit
2245 2362 2263 2397 ε
2314 2364 2426 2415 quo
2458 2366 2611 2401 senen

1588 2424 1725 2477 nihil
1754 2436 1925 2493 potest
1949 2442 2059 2477 esee
2084 2423 2413 2494 explicatius.
2440 2426 2611 2479 Locus

1590 2501 1733 2597 apud
1758 2504 1975 2557 Homer.
1988 2514 2067 2557 est
2090 2501 2285 2556 Iliados
2306 2510 2379 2557 Z:
2408 2507 2609 2576 ...πόριν

1587 2581 1626 2637 ὃ
1682 2584 1763 2652 ὅγε
1824 2582 2030 2652 σήματα
2073 2582 2227 2653 λυγρὰ
2293 2584 2501 2653 Γράψας
2562 2588 2609 2637 lv
2638 2586 2649 2597 '

1587 2663 1757 2715 πίνακι
1772 2668 1971 2731 πτυκτῷ
1988 2663 2257 2735 θυμοφθρρα
2280 2665 2461 2716 πολλά.
2478 2666 2609 2717 Du..

1674 2756 1766 2809 27.
1792 2740 2115 2794 Seerilitatem.
2141 2742 2231 2794 Est
2258 2742 2607 2815 quandoque,

1588 2820 1789 2891 inquit,
1816 2820 1975 2873 etiam
1997 2821 2216 2892 hujusce
2238 2822 2353 2887 rei,
2376 2822 2487 2877 hoc
2508 2836 2609 2887 est,

1590 2900 1783 2971 papyri
1817 2918 1993 2953 annua
2022 2900 2290 2966 sterilitas,
2328 2904 2609 2972 penuaria,

1588 2995 1904 3049 annonaque
1926 2977 2111 3033 carior.
2138 2980 2265 3033 Erat
2287 2979 2469 3034 adhue
2495 2982 2610 3035 cas-

1590 3057 1789 3112 siodori
1816 3077 1927 3111 aevo
1968 3076 2084 3112 mos
2122 3058 2213 3112 ille
2250 3060 2517 3113 scribendi
2552 3061 2607 3112 in

1592 3156 1803 3210 papyro
1842 3138 2133 3209 AEgyptia:
2170 3138 2433 3193 Enetethii
2476 3152 2605 3193 tem·

1592 3218 1813 3289 poribus
1832 3218 1987 3289 plane
2006 3218 2336 3272 obsoleverat
2349 3259 2364 3284 ,
2386 3220 2492 3273 hoc
2504 3231 2600 3279 est,

1596 3298 1785 3351 seculo
1848 3296 2165 3351 duodecimo
2178 3334 2196 3362 ‚
2239 3312 2299 3351 ut
2367 3300 2605 3352 observat

1595 3376 1817 3430 Allatiua
1862 3377 1921 3429 in
1974 3375 2252 3431 Animadv.
2302 3375 2369 3430 nd
2429 3378 2601 3447 Antiq.

1595 3456 1805 3509 Etrusc.
1835 3475 1891 3510 n.
1922 3456 2021 3521 55,
2054 3476 2107 3527 p.
2142 3474 2235 3527 97.
2263 3458 2449 3511 lium.

1679 3538 1771 3589 28.
1807 3536 2001 3589 Arbitri
2029 3536 2376 3606 dispensanda
2402 3536 2601 3589 Scilicet

1594 3616 1804 3668 chartae.
1838 3614 1925 3668 Sic
1971 3633 2003 3668 e
2032 3616 2182 3668 MSS.
2210 3614 2371 3669 Hard.
2392 3634 2601 3668 consen-

1591 3694 1800 3747 tientib.
1825 3695 1947 3747 Vet.
1978 3694 2123 3765 apud
2156 3696 2334 3747 Dalec.
2373 3694 2597 3749 Chifflet.

1590 3774 1897 3845 dispensandi
1920 3774 2087 3829 Gron.
2118 3788 2173 3827 et
2196 3774 2307 3827 alii.
2332 3776 2438 3828 En.

1672 3854 1933 3907 xxvm.
1970 3872 2018 3906 1.
2044 3856 2195 3905 Dicta
2218 3867 2304 3907 est.
2338 3853 2598 3915 Lib.x11,

1592 3950 1709 4003 cap.
1734 3952 1799 3989 21
1833 3944 1887 3988 et
1920 3952 2005 3987 υ.
2038 3933 2227 3987 Hm».
