2850 4684
460 383 572 481 viij
898 381 1570 458 PRAEMONITIO
1635 387 2150 459 Emi-oms.

456 510 677 589 gendus
710 511 821 569 fuit
846 511 931 570 Cl.
955 511 1355 588 SprengeliuS‚
1382 530 1556 588 quem
1585 511 1796 570 nostris
1827 511 2220 591 temporibus,
2247 528 2308 574 et
2328 535 2608 576 consum-

458 620 611 666 mata
660 609 1013 716 scriptorum
1054 608 1428 704 antiquorum
1465 608 1699 679 notitia,
1744 621 1802 666 et
1835 607 2124 669 indefesso
2155 610 2455 672 botanices
2485 634 2602 673 au-

458 703 660 781 gendae
688 671 913 776 studiO,
952 724 1076 783 prae
1101 705 1321 763 caeteris
1352 688 1432 762 'de
1460 702 1570 762 hac
1599 703 1784 763 nobili
1811 680 2066 765 scientia
2081 691 2300 786 &ptime
2327 688 2604 768 meritu'm

459 821 631 860 nemo
661 821 781 861 non
805 801 1099 862 fatebitur.
1127 802 1436 880 Pleraeque
1463 800 1756 860 eruditiss.
1777 801 1891 860 viri
1912 816 2109 876 noum,
2133 824 2208 864 ex
2225 809 2486 865 Historia
2517 811 2608 866 rei

456 899 743 956 herbaria.-
764 897 1096 978 decerptas,
1122 898 1731 977 luculentissimosque
1757 897 2011 977 ejusdem
2031 905 2324 962 Excursus
2345 923 2420 963 ex
2439 905 2605 961 Anti-

456 999 738 1074 quitatum
772 998 1184 1055 Botanicarum
1213 999 1567 1073 Spe-cimina,
1600 997 1662 1055 in
1688 1017 1858 1056 usum
1891 1011 2156 1058 nostrum
2185 1002 2604 1062 convertimus.

457 1097 581 1154 Nee
612 1091 921 1152 mediocris
946 1092 1263 1170 adjumenti
1302 1093 1466 1152 fuere
1500 1091 1586 1153 Cl.
1615 1092 1863 1163 Gerardi
1900 1095 1994 1170 (la
2030 1099 2200 1154 Flore
2235 1098 2310 1154 de
2347 1101 2408 1154 la
2443 1101 2603 1156 Pm-

454 1189 655 1268 oence)
685 1189 1129 1249 observationes
1160 1191 1225 1248 in
1254 1190 1509 1250 Plinium
1534 1188 1816 1250 haetenus
1843 1189 2106 1265 ineditae,
2140 1212 2389 1272 quarum
2427 1183 2602 1253 nohis

456 1285 775 1362 liberaliter
817 1286 1045 1366 copiam
1096 1289 1233 1346 fecit
1278 1287 1578 1347 Gerardus
1627 1288 1778 1346 filius
1799 1332 1817 1361 ,
1869 1286 2203 1348 doctissimo
2256 1301 2424 1369 patre
2477 1309 2598 1349 non

454 1385 759 1464 indignus»,
799 1383 903 1463 qui
946 1385 1256 1443 nonnullas
1298 1385 1424 1464 ipse
1464 1386 1528 1444 in
1578 1385 1826 1444 Plinium
1865 1385 2089 1464 aliquot
2129 1385 2271 1445 locis
2307 1385 2600 1448 illustran-

454 1482 595 1542 dum
640 1482 935 1560 symbolas
980 1483 1241 1542 contulit.
1288 1487 1407 1543 Nee
1458 1483 1594 1546 sine,
1625 1483 1858 1563 piaculo
1905 1482 2212 1542 tacendum
2260 1482 2435 1543 fuerit
2473 1491 2602 1542 m‘a-

452 1579 607 1638 xime
645 1577 965 1637 verendum
1011 1577 1169 1657 apud
1213 1579 1371 1638 viros
1416 1578 1506 1637 rei
1547 1577 1836 1638 herbariae
1868 1579 2089 1658 peritos
2129 1579 2500 1638 illustrissimi
2539 1593 2602 1638 et

452 1663 781 1733 amicissimi
824 1677 890 1732 L.
925 1677 1381 1734 Dnsrounnczs
1406 1694 1651 1748 nomen,
1687 1675 1822 1753 qui,
1851 1673 2047 1754 quoad
2079 1694 2186 1754 per
2205 1675 2598 1734 valetudinem

452 1771 639 1844 licuit,
670 1783 933 1830 nostrum
963 1791 1112 1850 opus
1139 1771 1392 1831 revisere
1423 1772 1696 1852 dignatus
1723 1785 1840 1843 est,
1878 1771 2157 1852 ‘notisque
2187 1773 2404 1832 criticis
2430 1772 2600 1832 locu-

450 1867 704 1948 pletare,
728 1887 871 1946 quas
894 1849 1121 1927 summo
1140 1868 1271 1927 viro
1299 1881 1566 1950 acceptas
1595 1868 1814 1929 referre
1841 1883 2009 1949 grato
2039 1889 2107 1928 ac
2135 1868 2380 1928 memori
2401 1869 2596 1929 animo

449 1963 787 2045 gaudemus,
826 1965 904 2025 Iis
939 1966 1125 2045 copiis
1151 1967 1451 2041 instructi,
1486 1965 1700 2027 talibus
1739 1967 1873 2026 freti
1910 1967 2167 2039 auxiliiS,
2203 1967 2458 2046 incoepto
2503 1967 2598 2025 in-

450 2061 757 2122 cubuimus
807 2064 1003 2144 operi,
1050 2061 1213 2142 quod
1268 2077 1333 2122 ut
1381 2063 1554 2122 nobis
1607 2063 1889 2136 arduum,
1944 2063 2026 2122 sic
2079 2062 2397 2123 lectoribus
2453 2063 2598 2123 utile

450 2159 639 2220 visum
669 2160 773 2234 iri,
812 2181 1111 2240 spei-amus
1148 2180 1284 2219 vere
1322 2161 1507 2238 magis
1542 2163 1716 2244 quam'
1750 2158 2117 2227 confidimus,

2001 2261 2074 2317 N.
2109 2261 2173 2316 Ε.
2206 2261 2270 2316 L.
