2850 4684
1070 395 1371 464 LIBER
1415 397 1622 466 XVI.

2264 396 2400 494 547

278 522 411 590 sit:
450 536 635 591 tanta
676 522 1048 596 differentia
1086 526 1173 595 ab
1208 527 1444 598 eodem
1489 525 1764 622 genere'
1809 528 1902 598 fit.
1943 528 2070 598 Sed
2115 544 2182 597 et
2225 544 2401 599 tere-

280 627 551 697 binthus
592 615 951 759 messibu⁵s³
998 632 1214 701 reddit
1264 658 1524 721 semen,
1575 648 1645 703 et
1683 622 1897 720 acer⁴,

1938 649 2007 705 et
2047 635 2399 706 fraxinus,

279 758 531 821 nuces,
574 748 643 803 et
674 720 911 821 mala⁵,
947 750 1017 805 et
1049 739 1226 831 pira,
1262 754 1701 869 praeterquam
1739 740 2050 827 hiberna,
2084 756 2204 811 aut
2240 768 2403 837 prae·

278 840 504 926 cocia,
538 854 879 910 autumno.
922 830 1356 913 Glandiferae⁶
1398 847 1604 915 serius
1647 848 2043 933 etiamnum,
2085 849 2406 943 Vergilia·

280 970 431 1013 rum
462 947 740 1017 occasu⁷
768 947 1071 1018 :esculus
1105 964 1362 1019 tantum
1393 965 1738 1021 autumno.
1779 954 2144 1047 Incipiente
2183 969 2404 1025 autem

280 1040 537 1121 hieme⁸
595 1052 893 1147 quaedam
937 1079 1181 1149 genera
1228 1056 1414 1144 mali,
1468 1058 1764 1152 pirique,
1787 1073 1886 1130 et
1943 1058 2161 1127 suber.
2207 1060 2406 1130 Abies

280 1156 521 1227 flores⁹
563 1162 743 1229 croci
790 1158 1013 1229 colore
1060 1164 1237 1231 circa
1286 1162 1671 1248 solstitium,
1725 1189 1949 1233 semen
1997 1163 2213 1234 reddit
2258 1181 2412 1261 post

280 1263 726 1358 Vergiliarum
766 1290 1097 1337 occasum.
1138 1270 1339 1338 Pinus
1374 1266 1628 1338 autem¹
1635 1267 1760 1338 ‘’et
1790 1271 1977 1364 picea
2000 1274 2412 1364 praeveniunt

282 1372 759 1462 germinatione
801 1372 1177 1465 quindecim
1216 1373 1353 1443 fere
1404 1374 1655 1443 diebus.
1705 1378 1946 1445 Semen
1986 1375 2210 1445 vero¹¹
2258 1392 2411 1472 post

280 1475 604 1570 Vergilias
644 1492 712 1545 et
744 1480 901 1571 ipsae
937 1478 1243 1547 reddunt.

387 1584 635 1651 xLlV.
696 1585 969 1671 Citreae,
1015 1600 1084 1653 et
1129 1585 1541 1679 juniperus¹‚
1577 1602 1644 1655 et
1683 1586 1848 1672 ilex,
1902 1586 2254 1658 anniferae'
2297 1590 2411 1658 ha·

280 1689 557 1771 bentur,
609 1714 953 1784 novusque
996 1690 1255 1761 fructus
1303 1693 1372 1759 in
1413 1692 1518 1761 his
1568 1716 1720 1761 cum
1777 1694 2098 1762 annotino
2145 1694 2411 1789 pendet.

280 1798 365 1863 In
408 1796 694 1865 maxima
728 1811 949 1864 tamen
988 1796 1420 1865 admiratione
1460 1798 1654 1891 pinus
1690 1812 1791 1867 est
1823 1825 1838 1865 z
1881 1799 2084 1868 habet
2120 1800 2412 1870 fructum

281 1915 829 1971 maturescentem
860 1928 875 1969 :
901 1901 1102 1972 habet
1128 1905 1434 1997 proximo
1466 1928 1642 1971 anno
1671 1904 1755 1972 ad
1781 1906 2226 1975 maturitatem
2257 1930 2413 1975 ven-

282 2022 541 2090 turum,
572 2031 650 2078 ac
678 2007 914 2077 deinde
951 2010 1169 2078 tertio.
1198 2008 1343 2078 Nec
1370 2008 1506 2077 ulla
1533 2010 1849 2079 arborum
1887 2010 2139 2081 avidius
2168 2036 2236 2081 se
2268 2038 2412 2107 pro-

280 2114 504 2183 mittit.
532 2114 687 2202 Quo
710 2138 934 2183 mense
964 2139 1097 2183 nux
1131 2140 1209 2183 ex
1240 2139 1318 2183 ea
1339 2115 1742 2209 decerpitur,
1769 2116 2000 2185 eodem
2029 2120 2413 2189 maturescit

298 2330 307 2337 ⁴
370 2353 421 2387 2.
454 2332 541 2386 Ab
567 2332 726 2385 eodem
749 2352 938 2402 genet-e.
980 2334 1155 2386 Tanta
1197 2344 1303 2396 est,

283 2413 462 2485 inquit
489 2451 506 2477 ‚
560 2413 617 2465 in
667 2431 795 2465 sexu
847 2412 1149 2466 differentia
1176 2449 1194 2475 ,
1250 2412 1306 2463 in

283 2491 563 2547 arboribus
602 2493 760 2545 etiam
795 2490 1031 2561 ejusdem
1079 2491 1303 2563 generis.

282 2571 637 2641 Theophrast.
688 2572 907 2627 τοσαύτη
938 2566 998 2623 δὲ
1028 2572 1061 2628 ἡ
1095 2566 1307 2641 διαφορὰ

283 2654 395 2721 περὶ
424 2653 593 2722 ἄμφω.
614 2650 803 2703 Han.

368 2731 421 2785 3.
452 2730 554 2783 Sed
576 2742 641 2784 et.
660 2769 674 2783 .
694 2768 709 2783 .
749 2728 986 2781 messibus.
1030 2728 1304 2799 Theophr.

286 2810 401 2879 πιρὶ
426 2814 576 2882 πυροῦ
601 2810 791 2880 &putav
806 2846 823 2872 ,
852 2808 982 2860 cirea
1019 2827 1207 2859 messem
1224 2810 1309 2859 tri-

290 2892 393 2943 tici.
417 2890 598 2943 Ham).

372 2976 426 3034 4.
458 2970 533 3021 Et
552 2988 677 3021 acer.
699 3008 711 3021 .
734 3008 747 3023 .
786 2978 1031 3021 culmum.
1056 2966 1181 3021 Hac
1207 2985 1307 3037 pn·

287 3048 420 3102 riter
446 3048 625 3101 omnia
642 3047 1043 3119 Theophrastus
1056 3084 1072 3111 ,
1092 3046 1215 3099 loco
1237 3046 1310 3099 ci-

288 3140 419 3182 tato.
450 3126 631 3181 Han.

374 3206 428 3261 5.
442 3208 603 3262 Nuces
620 3219 669 3257 ee
680 3207 841 3271 mala,
856 3216 958 3259 etc.
983 3206 1179 3271 Alnus,
1198 3224 1307 3258 nux

285 3286 495 3359 juglans
518 3326 536 3350 ,
585 3297 641 3339 et
674 3285 985 3339 Aelii-adum
1030 3282 1308 3357 quoddam

288 3385 452 3438 genus
490 3378 781 3419 autumno:
814 3384 1041 3437 quercus
1063 3378 1116 3419 et
1142 3377 1308 3419 cauta·

288 3464 388 3500 nee
428 3446 593 3500 serius
609 3484 626 3510 ,
673 3445 813 3499 circa
836 3444 1195 3517 Vergiliarum
1218 3463 1309 3499 oc·

288 3544 487 3581 casnm.
512 3526 722 3579 Daue.

372 3610 426 3661 6.
464 3604 788 3671 Glandaeseroe.
812 3604 891 3657 Ut
919 3604 1113 3667 robur,
1143 3614 1197 3655 ct
1221 3622 1308 3657 ea·

288 3699 493 3743 stenen,
518 3679 635 3755 δρῦς
656 3684 743 3737 καὶ
754 3685 861 3744 Διὸς
886 3682 1119 3747 βάλανος,
1133 3682 1313 3736 Theo-

289 3765 491 3836 phrast.
524 3762 713 3815 Hann.

368 3863 423 3913 7.
461 3842 519 3895 V
510 3844 793 3912 ergaharum
814 3858 1001 3891 occasu.
1024 3840 1107 3892 De
1138 3858 1247 3911 quo
1269 3840 1309 3895 l.

288 3924 514 3989 XVIII,
538 3940 657 3993 etp.
694 3919 786 3989 59.
806 3916 989 3971 Hun-

372 4004 424 4058 8.
442 4003 703 4072 Incipiente
712 4010 869 4052 autem
881 3998 1053 4063 Ιιὶεηω,
1071 4008 1175 4051 etc.
1190 3998 1313 4052 Aria

1393 2332 1584 2385 hiemis
1608 2332 1788 2391 initio,
1819 2332 1992 2386 Malus
2028 2334 2216 2406 primis
2245 2336 2412 2406 frigo-

1392 2412 1574 2478 ribus,
1596 2413 1774 2465 Achra
1799 2412 2033 2467 serotina
2056 2415 2250 2469 hieme.
2272 2417 2410 2469 Du..

1477 2510 1531 2560 9.
1558 2490 1712 2544 Abies
1721 2492 1892 2561 flores.
1913 2492 2267 2564 Theophrast.
2292 2494 2413 2547 loco

1392 2570 1552 2625 citato
1567 2609 1584 2635 ‚
1607 2570 1692 2625 καὶ
1722 2572 1778 2623 τὸ
1805 2570 1981 2630 ἐλάτης
2001 2572 2140 2633 ἄνθος
2167 2573 2412 2643 κρόκινον,

1394 2661 1495 2703 etc.
1518 2646 1700 2701 Ham).

1483 2745 1566 2780 ιο.
1611 2725 1765 2777 Pinus
1791 2737 1948 2777 autem
1962 2766 1979 2792 ‚
2011 2739 2112 2781 etc.
2136 2727 2410 2799 Theophr.

1392 2806 1550 2863 πεύκη
1593 2801 1652 2858 δὲ
1701 2804 1785 2858 καὶ
1824 2806 1970 2863 πίτυς
2015 2812 2300 2877 προτεροῦσι
2349 2814 2414 2877 τῇ

1397 2886 1638 2953 Blae-ileu
1671 2886 1834 2956 μικρὸν
1851 2922 1870 2949 ,
1897 2897 1998 2937 etc.
2030 2886 2213 2938 Ilum.

1481 2985 1504 3019 1
1522 2984 1567 3020 ι.
1595 2964 1764 3019 Samen
1782 2982 1916 3016 vero.
1935 2963 2293 3036 Theophrast.
2309 2965 2413 3019 loc.

1392 3046 1536 3099 citat.
1569 3043 1701 3116 μιτὰ
1725 3038 1984 3106 mucida,
2015 3045 2118 3098 hoc
2143 3056 2252 3110 est,
2281 3044 2416 3117 μετὰ

1394 3121 1536 3178 δύσιν
1559 3120 1823 3185 Πλειάδος.
1853 3121 2028 3176 Halm·

1474 3204 1673 3259 XLIV.
1703 3203 1956 3259 1·*Ct'tt·eoe
1975 3206 2297 3275 etjunipenu.
2317 3204 2418 3260 Ge-

1392 3284 1572 3349 lastri,
1590 3283 1870 3356 juniperus
1906 3296 1961 3335 et
1985 3284 2092 3337 ilex
2120 3282 2418 3338 tardissime

1394 3364 1681 3436 perficiunt
1707 3364 1965 3426 fructum,
1997 3374 2100 3417 etc.
2138 3363 2416 3435 Theophr.

1398 3443 1537 3497 Hist.
1568 3442 1664 3495 lib.
1695 3442 1810 3507 111,
1836 3461 1954 3514 cap.
1983 3446 2036 3496 6.
2062 3442 2266 3496 Plinius
2303 3442 2414 3495 hnc

1396 3521 1728 3594 negligenter
1758 3523 1929 3575 vertit.
1956 3524 2092 3576 Du..
2115 3552 2195 3565 --
2217 3521 2415 3576 Citreae.

1399 3604 1483 3656 De
1521 3601 1698 3655 citreis
1733 3602 1842 3672 jam
1875 3601 2145 3655 verissime
2171 3601 2419 3673 superius

1400 3682 1716 3748 affirmavit,
1743 3680 1836 3732 lib.
1865 3682 1997 3745 ΧΠ,
2017 3698 2132 3752 cap.
2157 3698 2211 3751 7.
2237 3682 2318 3733 De
2337 3682 2422 3751 ju·

1398 3763 1591 3833 nipero
1630 3772 1686 3813 et
1724 3758 1844 3813 ilice
1870 3799 1887 3825 ,
1917 3759 2268 3831 Theophrast.
2299 3760 2420 3813 loeo

1400 3842 1579 3895 citato.
1610 3836 1790 3893 Han.
2409 3906 2416 3913 ι

1487 3941 1537 3973 a.
1553 3916 1823 3984 Anmferoe.
1838 3918 1981 3971 Toto
1997 3936 2138 3971 anno
2159 3918 2298 3971 ferre
2314 3916 2424 3969 fru-

1402 4012 1550 4053 ctum
1575 3998 1954 4053 existimamur.
1985 3996 2172 4051 Halm.

1979 4100 2103 4173 35²
