2850 4684
1018 401 1079 466 1
1091 401 1337 470 [BER
1390 402 1599 470 xlv.
2218 403 2368 502 349

243 527 522 606 fulmine
544 525 798 614 tactae²,
843 537 1173 622 quamque
1200 516 1421 622 juxta³
1449 531 1738 600 hominis
1775 557 1956 602 mors
1985 533 2222 664 laqueo
2251 563 2369 631 pe·

244 620 592 730 penderit¹⁸
607 687 627 718 ,
661 637 797 762 6a'ut
851 631 1205 704 vulneratis
1258 635 1540 730 pedibus
1585 625 2032 725 conculcatas',
2075 656 2143 710 et
2190 643 2370 735 quod

246 723 687 810 circumcisis⁶
740 741 1023 809 vinaceis
1083 741 1508 834 profluxeiit,
1570 757 1686 812 aut
1741 769 2024 838 superne
2089 746 2370 818 deciduo

244 844 691 917 immundiore
719 843 909 939 lapsu
949 845 1169 939 aliquo
1211 846 1486 941 polluta.
1533 851 1701 918 Item
1745 853 2015 938 Graeca,
2057 855 2370 946 quoniam

245 976 489 1046 aquam
552 951 859 1020 habeant.
908 953 1083 1020 Vitis
1141 953 1285 1047 ipsa
1341 979 1606 1048 quoque
1656 956 2023 1043 manditur,
2079 956 2370 1030 decoctis

244 1057 549 1128 caulibus
576 1059 883 1140 summis,
908 1058 1115 1150 quiet
1140 1058 1582 1130 condiuntur⁷
1621 1061 1688 1128 in
1719 1075 1908 1130 aceto
1937 1087 2016 1133 ac
2041 1065 2272 1133 muria.

351 1165 615 1232 XXIV.
643 1164 899 1232 Verum
938 1177 1007 1232 et
1036 1163 1131 1232 -de
1168 1179 1492 1258 apparatu
1529 1166 1666 1234 vini
1703 1166 1940 1236 dixisse
1977 1171 2368 1258 conveniat,

246 1293 457 1364 quum
496 1268 719 1357 Graeci·
744 1269 1053 1362 privatim
1094 1293 1169 1338 ea
1207 1285 1534 1364 praecepta
1564 1271 2006 1359 condiderint,
2035 1289 2372 1370 artemque

246 1375 565 1460 fecerint,
597 1375 767 1442 sicut
794 1374 1251 1468 Euphronius,
1286 1391 1352 1445 et
1389 1377 1918 1466 AristomachuS,
1951 1395 2018 1449 et
2047 1383 2376 1453 Commia-

247 1480 401 1568 des,
440 1495 511 1550 et
548 1481 865 1549 Hicesius».
908 1479 1133 1550 Africa
1168 1480 1414 1578 gypso¹
1459 1484 1713 1612 mitigat
1753 1487 2207 1578 asperitatem,
2249 1511 2372 1557 nec

248 1610 387 1655 non
434 1584 761 1679 aliquibus
816 1587 914 1654 sui
960 1587 1294 1680 partibus²
1337 1575 1576 1658 calce³.
1627 1590 1890 1659 Graecia
1937 1591 2207 1685 argilla,
2256 1607 2372 1662 aut

247 1787 357 1822 nou
378 1766 580 1822 video:
625 1768 729 1820 nisi
770 1767 919 1839 quod
961 1785 1073 1820 nou
1106 1768 1265 1820 intel·
1288 1829 1295 1836 .

246 1849 425 1902 lexere
440 1865 565 1920 quse
585 1846 667 1900 vis
682 1848 734 1900 ei
748 1849 852 1900 hoc
870 1841 989 1900 loco
1011 1848 1264 1902 subesset.

252 1927 435 1982 Festus
484 1945 499 1979 :
558 1952 580 1975 ι
614 1927 943 1997 Imputatum
962 1963 979 1992 ,
1022 1925 1265 1980 nondum

250 2020 553 2079 purgatum.
572 2006 765 2059 Putum
788 2006 929 2058 enim
945 2019 1024 2060 est
1036 2024 1231 2077 purum
1252 2023 1266 2060 ε

249 2085 393 2140 unde
408 2100 599 2158 putare
623 2087 753 2138 vites
768 2083 993 2138 dicimus
1006 2125 1023 2150 ,
1038 2086 1143 2138 hoc
1160 2097 1239 2138 est
1250 2125 1267 2152 ,

1435 1768 1486 1821 5.
1537 1762 1850 1824 Conculcata.
1889 1773 1982 1828 ,Ita
2033 1772 2188 1828 MSS.
2235 1775 2367 1846 Reg.

1350 1847 1506 1978 ἔζη).
1537 1847 1641 1901 Th.
1664 1849 1784 1903 Par.
1817 1849 2194 1923 Subintellige,
2222 1853 2365 1907 vina.

1436 1945 1838 2060 g?·ssimumcssg5
1869 2012 2096 2062 vinaceis.
2132 2011 2372 2064 Mustum

1350 2083 1409 2138 id
1451 2085 1706 2138 tortivum
1753 2101 1945 2142 vocant
1965 2128 1980 2152 ,
2043 2088 2190 2160 quod
2246 2103 2372 2162 post

248 2163 524 2220 detrahere
542 2205 557 2229 ,
588 2181 707 2237 qum
737 2177 859 2218 sunt
884 2165 1270 2236 impedimento

250 2243 583 2300 adtractum.
600 2269 623 2291 a·
646 2245 777 2309 Quas
792 2261 957 2315 porro
985 2246 1108 2298 vina
1126 2243 1273 2298 nefas

248 2325 415 2380 libare
436 2323 571 2388 diis,
608 2323 771 2394 paulo
792 2323 945 2376 aliter
964 2323 1142 2376 Labeo
1162 2325 1272 2376 An·

252 2405 419 2458 tistius
478 2401 627 2474 apud
684 2403 935 2456 eumdem
1005 2401 1219 2456 Festum
1253 2420 1268 2456 :

258 2486 629 2553 «Spurcum,
678 2481 884 2553 inquit,
938 2481 1126 2534 vinum
1166 2494 1269 2546 est,

253 2561 399 2634 qnod
422 2563 585 2616 sacris
612 2559 857 2614 adhiberi
882 2579 993 2614 non
1023 2561 1178 2626 licet;
1209 2572 1271 2614 ut

252 2642 327 2695 ait
354 2643 539 2694 Labeo
568 2641 863 2703 Antistius,
891 2639 1029 2692 libro
1059 2599 1270 2692 decimo

252 2720 635 2775 commentarii
664 2720 800 2792 juris
842 2718 1152 2772 pontificii·
1138 2759 1151 2771 .
1183 2719 1271 2772 cui

250 2818 389 2871 aqua
430 2797 665 2854 ‘admixta
710 2811 821 2862 est,
885 2795 1219 2852 defrutumve
1250 2817 1266 2848 ε

250 2893 345 2933 aut
396 2879 517 2948 igne
564 2891 761 2932 tactum
800 2889 879 2930 est
900 2915 917 2940 ,
972 2889 1271 2931 mustumve

250 2973 379 3012 ante
406 2976 567 3029 quam
604 2957 943 3012 defervescat.
978 2981 1002 3003 ι
1038 2958 1109 3010 Η.

334 3057 387 3092 a.
416 3037 635 3090 Fulmine
674 3049 833 3089 taceoe.
879 3036 1047 3106 Cujus
1089 3036 1271 3088 vinum

259 3115 387 3170 ideo
430 3115 739 3170 damnatum
754 3155 771 3180 ,
805 3113 977 3187 quod,
1018 3127 1081 3168 ut
1101 3114 1285 3170 scribit

252 3196 453 3250 Seneca
476 3234 494 3261 ,
532 3196 777 3248 Natural.
817 3195 1016 3259 Quaest.
1053 3195 1151 3248 lib.
1192 3195 1278 3258 11,

254 3293 375 3346 cap.
394 3277 467 3329 3²
486 3313 505 3340 ,
530 3294 652 3346 pag.
672 3274 815 3338 858,
850 3299 873 3320 ι
896 3273 1121 3328 fulmine
1142 3273 1281 3344 gela-

254 3367 401 3420 tum,
446 3373 614 3426 quum
654 3353 723 3408 ad
764 3353 1001 3424 priorem
1036 3353 1277 3406 habitum

260 3431 429 3492 redit,
466 3447 683 3505 potum,
726 3446 819 3487 aut
852 3432 1112 3486 exanimat
1130 3471 1147 3498 ,
1184 3445 1278 3485 ant

262 3511 539 3567 dementes
552 3513 695 3566 facit.
722 3538 745 3560 ι
778 3510 959 3564 Hnn.

337 3592 390 3646 3.
409 3596 661 3665 Quamque
674 3595 841 3662 juxta.
855 3591 926 3645 Et
939 3593 1091 3662 juxta
1113 3609 1275 3662 quam

256 3673 461 3724 mortui
484 3672 717 3726 hominis
741 3670 963 3726 cadaver
984 3671 1171 3741 laqueo
1188 3688 1277 3742 pe·

254 3750 523 3818 penderit.
550 3749 734 3804 ΗΑιιι).

336 3837 391 3893 4.
408 3829 639 3882 Homines
653 3849 778 3882 mors
799 3829 967 3900 laqueo
976 3827 1272 3906 pependerit.

258 3907 531 3962 Audacter
578 3907 831 3979 quidem,
870 3905 963 3966 sed
1018 3907 1283 3977 eleganter

258 4003 357 4055 pro
385 3988 578 4040 bomem
604 3999 791 4040 mortuo
818 3985 1037 4042 dictum.
1060 3985 1165 4038 En.

1350 2165 1578 2237 primam
1604 2183 1898 2237 pressuram
1917 2169 2252 2224 vinaceorum
2271 2171 2372 2224 cir·
2431 2159 2443 2168 ’

1350 2245 1588 2298 cumciso
1628 2244 1766 2316 pede
1804 2248 2122 2317 exprimitur
2138 2288 2155 2313 ,
2193 2249 2370 2321 inquit

1354 2323 1651 2378 Columella
1673 2325 1798 2389 ‚lib.
1817 2326 1956 2392 ΧΠ,
1977 2346 2093 2398 cap.
2120 2326 2216 2382 65.
2242 2329 2392 2382 Tor·

1352 2403 1523 2456 tivum
1537 2415 1768 2456 mustum
1781 2405 2264 2460 circumcidaneum
2279 2407 2356 2462 Ca
2367 2436 2389 2450 ·

1354 2493 1411 2534 to
1439 2483 1670 2553 appellat
1694 2501 1814 2553 cap.
1841 2503 2011 2549 xxur,
2039 2504 2156 2556 pag.
2189 2492 2278 2539 26.
2307 2487 2386 2540 Η.

1439 2581 1492 2631 7.
1530 2563 1634 2630 Qui
1669 2573 1718 2612 et
1748 2562 2038 2616 condiancen-
2067 2567 2118 2615 in
2157 2575 2294 2615 aceto
2321 2585 2389 2617 ae

1356 2645 1527 2692 muria.
1582 2638 1882 2694 condiendi
1937 2639 2160 2693 modum
2216 2642 2386 2698 Colu-

1355 2720 1512 2773 mella
1531 2717 1743 2789 expedit
1763 2719 1860 2772 lib.
1883 2720 2008 2782 ΧΠ,
2035 2737 2152 2790 cap.
2185 2740 2239 2790 7,
2257 2740 2381 2793 pag.

1360 2801 1492 2862 416.
1525 2799 1708 2852 Halm.

1437 2877 1646 2931 XXIV.
1679 2893 1727 2930 1.
1753 2870 1934 2938 Africa
1949 2895 2118 2948 gypso.
2143 2877 2316 2931 Etiam
2332 2893 2385 2933 et

1340 2957 1514 3036 ⁸Italia
1527 2993 1545 3018 ,
1573 2955 1654 3008 uti
1673 2974 1737 3008 ex
1751 2955 2042 3008 Columella
2061 2957 2388 3028 colligimus,

1362 3035 1458 3088 lib.
1489 3035 1625 3101 XII,
1653 3053 1768 3106 cap.
1801 3053 1870 3087 ao
1885 3073 1902 3100 ‚
1939 3036 2032 3089 ubi
2059 3037 2389 3109 gypsationis

1364 3113 1586 3184 hujusce
1628 3114 1892 3168 rationem
1922 3114 2109 3186 aperit.
2143 3116 2308 3180 Quod
2332 3129 2388 3172 et

1366 3191 1632 3264 Didymus
1663 3193 1788 3246 facit
1829 3193 1886 3246 in
1925 3195 2100 3265 Geop.
2137 3195 2236 3250 lib.
2265 3197 2346 3248 vl
2369 3235 2387 3260 ,

1366 3291 1484 3345 cap.
1547 3274 1637 3326 18.
1676 3271 1983 3328 Etiamnum
2025 3273 2083 3326 in
2124 3274 2384 3346 Hispania

1362 3353 1486 3406 vina
1511 3349 1752 3424 quadam
1789 3353 1930 3406 cales
1967 3365 2020 3406 et
2044 3371 2213 3424 gypso
2255 3373 2387 3408 con-

1362 3430 1608 3496 diuntur,
1634 3444 1768 3484 teste
1807 3431 2114 3503 christoph.
2141 3451 2172 3486 a
2201 3433 2352 3505 Vega
2370 3473 2386 3502 ,

1362 3529 1484 3581 cap.
1517 3509 1648 3580 ²37·
1680 3510 1863 3564 Hann.

1449 3609 1500 3644 a.
1522 3590 1781 3663 Aliquibus
1805 3595 1883 3643 sui
1899 3591 2135 3662 partibus.
2165 3589 2386 3646 Cartha·

1360 3669 1514 3741 gine,
1539 3681 1600 3722 ut
1621 3668 1827 3724 dicetur
1843 3669 1941 3726 lib.
1964 3671 2236 3738 XXXVI,
2263 3691 2386 3743 cap.

1364 3752 1458 3813 48.
1481 3749 1668 3802 Han.

1449 3827 1502 3884 3.
1548 3828 1712 3882 Cales.
1775 3828 2004 3883 Condiri
2053 3829 2210 3883 etiam
2264 3829 2386 3882 vina

1368 3927 1568 3979 gypso,
1597 3921 1649 3962 et
1670 3907 1846 3976 calce,
1883 3907 2005 3962 vide
2031 3907 2128 3962 lib.
2160 3905 2386 3972 xxm,

1373 3987 1834 4056 cap.1.Dn.xc.
