2850 4684
504 365 651 438 606
1050 371 1129 440 C.
1184 372 1520 441 PLINII
1567 371 1788 441 NAT.
1843 371 2100 439 HIST.

504 518 703 597 atque
746 504 837 572 ita
874 492 1193 599 sapinus¹⁶
1230 491 1572 574 vocatur¹⁵
1599 529 1616 572 ε
1641 505 1966 598 superior
2007 495 2163 599 pars
2201 506 2462 576 nodosa
2521 507 2648 576 du·

502 611 805 704 riorque,
850 597 1214 680 fusterna¹⁶.
1290 615 1379 681 Et
1427 613 1496 679 in
1549 611 1706 705 ipsis
1721 607 1768 648 ¹⁷
1832 624 2058 678 autem
2109 613 2469 684 arboribus
2537 639 2648 683 ro·

501 715 829 786 bustiores
876 715 1235 810 Aquiloniae
1290 732 1512 812 partes
1531 702 1598 785 ¹⁸.
1659 719 1748 784 Et
1809 717 1880 784 in
1925 730 2140 786 totum
2163 715 2214 756 ¹⁹
2277 718 2646 790 deteriores

499 847 585 892 ex
616 821 905 892 humidis
945 824 1343 917 opacisque:
1370 824 1712 918 spissiores
1747 845 1828 890 ex
1855 823 2128 917 apricis,
2175 849 2256 894 ac
2281 825 2642 895 diuturnae.

498 929 661 998 Ideo
694 931 927 998 Romae
972 928 1261 999 infernas
1300 930 1481 1000 abies
1508 929 1843 1024 supernati
1885 929 2318 1024 praefertur²⁰.
2347 935 2474 1001 Est
2519 956 2644 1026 per

498 1036 792 1130 gentium
824 1039 1091 1130 quoque
1119 1037 1421 1130 regiones
1455 1038 1523 1105 in
1551 1037 1630 1104 iis
1657 1033 2047 1103 differentia.
2074 1035 2350 1131 Alpibus
2367 1087 2388 1120 ‚
2418 1039 2642 1132 Apen-

496 1143 787 1236 ninoque
862 1141 1322 1214 laudatissimae
1346 1145 1384 1210 ⁴:

496 1250 765 1343 Vogeso
784 1248 831 1276 ²²
870 1267 887 1309 ε

494 1440 614 1530 qun
646 1455 881 1509 materiei
930 1452 1203 1509 decoratio
1256 1467 1349 1508 est.
1382 1454 1518 1510 Sane

492 1548 690 1592 contra.
702 1536 975 1607 scriptoris
998 1536 1307 1588 sententiam
1318 1573 1333 1599 ,
1356 1553 1518 1606 quam

490 1619 706 1690 planam
734 1615 966 1668 vitruvii
992 1616 1163 1669 oratio
1208 1615 1349 1668 facit.
1388 1640 1412 1662 ι
1437 1616 1516 1668 Ex

489 1698 661 1752 abiete
696 1691 872 1749 au'tem
896 1733 911 1760 ‚
940 1694 1113 1766 inquit
1141 1695 1262 1759 ille,
1301 1695 1397 1747 lib.
1423 1695 1510 1757 11,

489 1797 608 1850 cap.
636 1795 698 1845 9,
723 1793 843 1847 pag.
888 1774 990 1840 33,
1019 1787 1300 1844 antequam
1330 1787 1409 1828 est
1432 1793 1517 1827 ex·

489 1858 627 1922 cisa,
655 1875 773 1928 quie
804 1873 925 1924 pars
952 1868 1029 1907 est
1055 1855 1299 1926 proxima
1329 1867 1510 1917 terro,

487 1956 587 2009 per
602 1934 807 1989 radices
821 1934 1083 2004 excipiens
1100 1952 1162 1988 ex
1176 1935 1513 2006 proximitate

486 2017 801 2080 humorem,
829 2013 1017 2067 enodis
1039 2025 1091 2066 et
1109 2013 1313 2084 liquida
1342 2013 1511 2067 effici-

486 2109 610 2149 tur:
643 2113 761 2166 quae
794 2113 921 2147 vero
950 2107 1026 2146 est
1058 2094 1361 2164 superior...
1381 2112 1511 2163 pro-

484 2188 605 2246 pter
647 2171 954 2226 nodationis
1015 2171 1267 2224 duritiem
1313 2171 1512 2226 dicitur

485 2271 593 2305 esse
621 2252 870 2305 fusterna.
900 2254 1075 2304 Immo
1101 2263 1272 2303 autem
1292 2290 1308 2316 ,
1340 2270 1508 2323 quum

484 2331 652 2384 excisa
676 2329 1045 2402 quadrifluviis
1064 2329 1378 2401 disparatur,
1401 2334 1508 2402 eje·

480 2423 572 2464 cto
593 2410 771 2464 rotulo
789 2447 806 2476 ,
826 2427 890 2462 ex
916 2407 1100 2462 eadem
1134 2411 1326 2463 arbore
1342 2410 1410 2464 ad
1429 2413 1508 2464 in·

482 2491 675 2546 testina
703 2507 867 2562 opera
893 2502 1263 2560 comparatur,
1294 2503 1347 2544 et
1372 2490 1503 2563 sapi·

479 2589 578 2624 nea
592 2584 829 2624 vocatur.
842 2595 864 2617 1·
886 2569 1269 2636 Quadrifluviis
1280 2610 1295 2635 ,
1309 2571 1502 2642 inquit,

478 2649 749 2724 disparata
766 2651 1031 2715 materies,
1042 2668 1160 2722 quae
1180 2663 1259 2703 est
1277 2651 1498 2724 optima,

478 2745 539 2785 ut
564 2730 822 2792 diximus,
852 2744 1129 2803 postquam
1152 2729 1370 2784 fluviata
1396 2743 1504 2798 est,

478 2829 566 2865 seu
589 2813 735 2866 amni
753 2829 920 2866 mersa
936 2851 953 2877 ,
982 2813 1150 2884 ejecto
1172 2811 1379 2874 torulo,
1397 2811 1502 2866 hoc

476 2904 587 2957 est,
612 2893 840 2946 alburno
871 2910 993 2944 cum
1022 2891 1244 2954 cortice,
1272 2889 1339 2944 ad
1360 2892 1500 2944 inte·

475 2973 609 3026 atina
636 2991 799 3044 opera
826 2982 1183 3042 comparatur.
1211 2969 1395 3024 Hun-

448 3079 457 3090 =
562 3058 649 3116 ¹4·
670 3051 896 3121 Supinas.
912 3050 998 3102 Sic
1021 3047 1273 3102 Vitruvio
1285 3050 1391 3104 loc.
1406 3049 1496 3102 cit.

472 3131 579 3182 ima
608 3131 851 3201 sapinea‚
879 3145 1084 3180 summa
1115 3145 1239 3197 pars
1262 3130 1498 3183 fusterna

468 3207 698 3272 dicitur,
731 3219 955 3278 propter
995 3204 1299 3261 nodationis
1343 3207 1495 3262 duri·

470 3287 615 3340 tiem.
649 3286 833 3341 nnn.

554 3385 577 3420 1
593 3366 643 3420 5.
658 3365 868 3438 Supinas
885 3377 1104 3419 vocatur.
1122 3368 1279 3420 Conf.
1293 3367 1363 3422 ad
1376 3387 1492 3440 cap.

472 3445 541 3500 23
564 3445 788 3520 hujusce
815 3445 957 3498 libri.
982 3447 1089 3499 En.

553 3531 641 3580 16.
699 3525 977 3598 Durior-que
992 3563 1009 3590 ,
1047 3529 1293 3594 simei-na.
1349 3526 1492 3592 Quia

464 3604 664 3659 nodosa
683 3645 699 3672 ,
744 3617 807 3659 ut
846 3605 1019 3658 solent
1070 3625 1181 3660 esse
1228 3605 1389 3660 fustes
1434 3619 1490 3660 et

462 3685 673 3751 baculi,
702 3685 900 3741 crebris
924 3697 984 3738 ut
1012 3686 1299 3757 plurimum
1328 3683 1488 3740 nodis

460 3765 648 3836 asperi.
680 3765 859 3823 Hm.

548 3863 637 3916 17.
668 3846 741 3900 Ee
766 3849 816 3898 in
836 3843 1322 3917 Ipsisffheophrast.
1342 3841 1480 3898 Hist.

458 3923 554 3978 lib.
582 3926 654 3993 V,
678 3944 793 3998 cap.
818 3945 867 3980 s.
902 3923 1085 3978 nino.

546 4023 565 4059 ι
580 4007 631 4062 8.
666 4006 943 4081 Aquilonia
976 4015 1159 4077 partes.
1202 4003 1477 4074 Theophr‚

1468 1143 1536 1211 in
1595 1139 1854 1228 Gallia,
1905 1142 2132 1212 Jura²¹
2165 1195 2186 1230 ,
2258 1167 2338 1212 ac
2405 1160 2638 1214 monte

940 1249 1009 1316 in
1064 1249 1339 1320 Corsica
1352 1239 1434 1332 ²³,
1485 1246 1792 1341 Bithynia
1817 1297 1838 1334 ,
1885 1249 2140 1334 Ponto,
2210 1240 2634 1322 Macedonia.

1609 1450 1744 1506 Hist.
1770 1453 1866 1506 lib.
1889 1454 1945 1520 Ι,
1971 1473 2088 1526 cap.
2125 1459 2194 1518 14
2212 1493 2229 1520 ,
2257 1469 2312 1509 et
2347 1456 2448 1510 lib.
2471 1458 2550 1523 V,
2581 1479 2634 1513 c.

1608 1551 1658 1587 ι.
1689 1534 1892 1587 Damio.

1693 1631 1784 1681 ¹9·
1811 1615 1889 1666 Et
1915 1615 1966 1664 in
1989 1625 2154 1666 totum.
2173 1613 2457 1687 Theophr.
2487 1615 2630 1670 Risi.

1589 1691 1699 1748 lib.
1725 1692 1799 1756 V,
1829 1711 1945 1763 cap.
1976 1694 2032 1747 3.
2055 1693 2236 1748 Hsnn.

1687 1792 1774 1826 πο.
1803 1773 2026 1840 Infit-nas
2053 1775 2185 1826 abies
2226 1779 2478 1844 supernati
2493 1796 2630 1846 pre-

1588 1853 1774 1918 fertur·
1803 1853 2042 1906 Infernas
2082 1854 2258 1919 abies,
2298 1869 2352 1907 et
2389 1875 2522 1908 casa
2569 1857 2626 1908 in

1599 1931 1870 2002 Apennini
1898 1945 2048 2002 parte
2073 1931 2207 1986 mari
2251 1934 2472 1988 Thusco
2499 1955 2626 2006 pno-

1598 2012 1740 2065 xima
1765 2031 1778 2063 ε
1813 2005 2067 2083 supernas
2105 2031 2238 2066 caesa
2266 2014 2324 2064 in
2355 2033 2419 2066 ea
2441 2027 2625 2086 parte,

1597 2107 1716 2163 qun
1759 2089 2034 2145 Adriatico
2069 2093 2245 2145 vicina
2271 2105 2370 2146 est.
2411 2095 2620 2148 Daue..

1596 2201 1673 2213 —
1697 2173 1917 2239 [asemas
1939 2172 2088 2224 abies.
2109 2173 2456 2243 Tyrrhenum
2477 2193 2622 2228 mare

1594 2250 1825 2304 inferum
1867 2264 2085 2305 vocatur
2107 2289 2126 2316 ,
2179 2269 2436 2322 superum
2492 2273 2622 2306 vero

1595 2329 1960 2396 Adriaticum,
2000 2342 2063 2383 ut
2103 2330 2335 2384 diximus
2374 2331 2474 2386 lib.
2505 2335 2626 2397 m,

1594 2427 1715 2482 cap.
1755 2427 1838 2464 ιο.
1868 2408 2003 2474 Qnae
2031 2410 2229 2464 abietes
2265 2409 2428 2482 igitur
2463 2431 2529 2465 ex
2555 2432 2616 2466 ea

1590 2490 1859 2562 Apennini
1886 2503 2066 2561 parte,
2115 2509 2233 2562 quai
2260 2491 2330 2544 ad
2377 2493 2620 2564 Tyrrhe-

1591 2587 1724 2622 num
1747 2587 1892 2622 mare
1922 2570 2294 2641 protenditur,
2319 2569 2516 2624 advehi
2538 2591 2620 2625 ao-

1589 2649 1733 2714 lent,
1755 2667 1830 2701 eae
1863 2647 2116 2704 dicuntur
2142 2650 2452 2704 infernates.
2481 2653 2618 2717 Qua

1590 2729 1655 2780 ab
1683 2747 1742 2781 ea
1770 2747 1925 2795 vero,
1953 2747 2071 2800 quae
2099 2730 2268 2802 vergit
2292 2730 2349 2782 in
2376 2729 2616 2785 Adriati-

1589 2826 1743 2876 cum,
1779 2821 2091 2879 supernates
2119 2811 2488 2864 nominantur.
2523 2813 2618 2864 vi·

1587 2900 1727 2941 truv.
1753 2887 1850 2940 lib.
1870 2889 1926 2940 11
1941 2881 2094 2960 ,cap.'
2109 2907 2206 2953 10,
2226 2909 2280 2960 p.
2305 2890 2377 2943 33
2398 2907 2412 2942 ε
2434 2916 2458 2938 ι
2479 2890 2614 2946 [deo

1585 2967 1870 3022 infernates
1887 3007 1902 3032 ,
1923 2985 2040 3041 quo
2066 2987 2132 3021 ex
2155 2970 2349 3041 apricis
2365 2970 2501 3024 loeis
2515 2991 2614 3043 ap-

1583 3059 1868 3118 portantur
1886 3081 1904 3110 ,
1951 3045 2197 3102 meliores
2245 3061 2402 3114 sunt,
2449 3069 2610 3121 quam

1586 3145 1705 3196 quae
1731 3127 1802 3180 ab
1828 3129 2008 3198 opacis
2028 3125 2097 3180 de
2123 3129 2498 3199 supernatibus
2516 3129 2610 3184 ad-

1581 3206 1870 3260 vehuntur.
1891 3231 1914 3253 ·
1948 3203 2129 3260 Ham.

1667 3306 1695 3339 a
1711 3307 1755 3339 r.
1777 3286 1840 3339 In
1861 3285 2210 3350 Gauzadum.
2223 3287 2381 3341 MSS.
2402 3307 2606 3342 omnes.

1582 3379 1637 3419 et
1670 3363 1932 3419 editiones
1956 3377 2176 3420 vetustte
2189 3406 2204 3431 ,
2224 3366 2426 3419 Iuribus
2440 3407 2460 3433 ,
2485 3383 2545 3421 ut
2565 3373 2602 3421 1.

1578 3447 1693 3512 111,
1717 3464 1833 3517 cap.
1866 3446 1920 3500 5.
1949 3441 2136 3498 Hiran.

1665 3547 1751 3591 22·
1785 3526 1865 3578 Ac
1907 3537 2062 3577 monte
2103 3525 2315 3596 Vogeso.
2367 3527 2438 3579 Le
2477 3541 2604 3580 mont

1577 3605 1638 3658 de
1662 3605 1838 3677 Vauge
1854 3647 1870 3670 ,
1901 3606 1958 3658 in
1983 3605 2340 3677 lotharing-io
2368 3607 2604 3660 Ali-‚atin-

1574 3704 1681 3757 que
1706 3685 1962 3739 confinio·
1986 3683 2068 3738 Ex
2093 3703 2160 3738 eo
2182 3687 2355 3740 amnis
2373 3687 2596 3741 Mosella

1573 3767 1760 3820 oritur.
1795 3765 1978 3818 Ham).

1654 3845 1745 3899 23.
1773 3847 1836 3897 In
1860 3845 2077 3898 Corsica.
2101 3844 2345 3899 Corsicas
2365 3848 2598 3910 arbores,

1571 3925 1946 3996 imprimisque
1973 3925 2172 3978 abietes
2193 3923 2378 3979 laudat
2399 3927 2595 3999 impen-

1572 4004 1678 4058 sius
1700 4003 1978 4076 Theophr.
2008 4004 2145 4058 nist.
2170 4005 2264 4058 lib.
2291 4005 2363 4072 V,
2377 4025 2422 4061 c.
2453 4025 2508 4075 9.
2527 4007 2592 4058 H.
