2850 4684
461 400 614 473 336
989 406 1065 473 C.
1125 406 1470 477 PLINII
1526 408 1747 476 NA’l'.
1808 406 2065 474 Hls'l'.

457 560 612 603 cum
652 535 1206 630 Ammineumque
1240 539 1499 609 octonis
1529 540 1673 607 aeris
1698 536 1743 561 ¹¹
1784 534 2102 631 singula¹²
2138 534 2617 631 quadrantalia

458 640 794 710 venderet.
839 644 998 709 Haec
1037 644 1211 711 enim
1257 645 1467 714 verba
1504 658 1680 713 sunt.
1716 646 1929 713 Tanta
1958 666 2121 713 vero
2164 645 2316 712 vino
2352 646 2609 712 Graeco

459 748 670 840 gratia
711 760 886 829 erat,
931 760 1007 815 ut
1035 748 1310 843 singulm
1349 751 1657 845 potiones
1688 751 1755 817 in
1794 750 2105 818 convictu
2139 748 2475 817 darentur.

565 854 786 921 XVII.
842 852 1102 941 Quibus
1143 857 1314 924 vinis
1363 858 1722 925 auctoritas
1778 854 1975 923 fuerit
2026 878 2145 923 sua
2202 856 2269 923 in
2320 878 2591 941 mensa,

457 960 556 1027 M.
599 960 820 1027 Varro
863 958 969 1027 his
1006 958 1224 1045 verbjs
1263 960 1508 1030 tradit:
1558 962 1633 1029 L.
1676 959 1995 1029 Lucullus
2036 984 2203 1054 puer
2243 958 2418 1054 apud
2459 984 2593 1054 pa-

456 1076 626 1133 trem
659 1088 996 1159 nunquam
1026 1065 1276 1135 lautum
1309 1068 1689 1136 convivium
1720 1065 1917 1148 vidit,
1949 1066 2019 1133 in
2045 1090 2179 1160 quo
2208 1064 2357 1159 plus
2385 1064 2588 1134 semel

458 1171 771 1239 Graecum
805 1172 1035 1239 vinum
1075 1171 1366 1241 daretur.
1408 1176 1561 1266 lpse
1593 1196 1800 1267 quum
1834 1170 2027 1239 rediit
2056 1194 2139 1241 cx
2168 1173 2358 1257 Asia,
2394 1171 2601 1240 millia

457 1274 738 1345 cadum¹
782 1277 849 1343 in
889 1276 1339 1371 congiarium²
1385 1277 1614 1347 divisit
1660 1276 1941 1372 amplius
1980 1291 2269 1347 centum.
2310 1280 2393 1347 C.
2436 1280 2597 1345 Sen-

458 1383 626 1468 tius,
682 1406 879 1477 quem
955 1398 1310 1477 praetorem
1375 1383 1699 1467 vidimus,
1744 1382 1986 1453 Chium
2037 1384 2266 1452 vinum
2322 1383 2595 1453 domum

459 1512 645 1557 suam
683 1486 936 1557 illatum
980 1488 1245 1559 dicebat
1283 1504 1427 1563 tum
1464 1492 1787 1584 primum,
1827 1513 2034 1583 quum
2068 1474 2242 1559 ‘sibi³
2289 1488 2597 1559 cardiaco

460 1594 754 1664 medicus
797 1594 1105 1665 dedisset.
1151 1598 1543 1665 Hortensius
1590 1618 1790 1690 super
1832 1595 2061 1664 decem
2104 1593 2315 1663 millia
2356 1596 2595 1663 cadum

459 1700 689 1769 hefedi
724 1698 1003 1795 reliquit.
1053 1704 1391 1771 Hactenus
1423 1704 1662 1771 Varro,
1710 1695 1879 1794 (xv.)
1918 1698 2139 1791 Quid?
2170 1726 2307 1770 non
2346 1714 2415 1769 et
2456 1704 2595 1770 Cae-

460 1830 568 1874 sat·
613 1806 900 1876 dictator
957 1808 1279 1903 triumphi
1329 1810 1432 1877 sui
1479 1831 1670 1877 coena
1722 1809 1859 1875 vini
1901 1806 2160 1876 Falerni
2208 1808 2597 1901 amphoras,

461 1912 614 1981 Chii
687 1912 886 1982 cados
949 1917 1018 1983 in
1085 1916 1396 1983 convivia
1458 1900 1873 1983 distribuit⁴?
1932 1913 2117 1982 Idem
2178 1914 2599 2007 Hispaniensi

461 2018 804 2112 triumpho
863 2018 1151 2105 Chium,
1205 2035 1275 2089 et
1330 2020 1685 2089 Falernum
1744 2018 1943 2089 dedit.
2004 2018 2223 2113 Epulo
2274 2006 2483 2089 vero⁵
2530 2022 2599 2088 in

465 2190 751 2242 mationem
791 2209 1053 2242 annonam
1083 2191 1186 2243 fori
1217 2192 1494 2247 vocabant.

462 2267 624 2339 Apud
648 2268 864 2323 Terent.
887 2270 1123 2322 Donatus
1139 2311 1155 2336 ,
1178 2270 1312 2324 illud
1328 2308 1346 2335 ‚
1361 2276 1496 2325 scisti

1580 2194 1723 2264 εἷος,
1762 2194 1846 2245 vel
1884 2204 1945 2246 ut
1986 2190 2101 2247 aliis
2146 2192 2350 2263 placet,
2399 2191 2598 2247 duode-

1581 2292 1680 2326 nos
1732 2272 1974 2345 capiens,
2018 2284 2079 2325 ut
2108 2272 2366 2345 amphora
2396 2286 2599 2328 tantum

463 2352 540 2401 uei
554 2350 705 2416 fiir-0,
748 2361 1020 2419 sumptum
1051 2350 1168 2403 vult
1195 2370 1224 2403 a
1255 2352 1493 2422 negotia·

466 2428 698 2491 toribus,
723 2429 846 2499 qui,
871 2429 1056 2499 quanti
1079 2428 1341 2494 vendant,
1373 2448 1493 2503 quoe

460 2506 766 2569 advehunt,
785 2526 896 2561 non
921 2509 1296 2580 praescribunt,
1323 2510 1493 2581 prius·

461 2604 620 2659 quam
637 2590 849 2641 veniant
868 2588 920 2640 in
941 2588 1248 2641 commercii
1273 2590 1486 2644 locum}

462 2667 554 2720 sed
568 2665 860 2720 secundum
883 2686 1146 2721 annonam
1170 2668 1272 2721 fori
1289 2708 1304 2733 ,
1326 2686 1486 2740 quam

461 2745 871 2820 deprehenderit
891 2786 908 2809 ‚
938 2746 1005 2800 de
1047 2747 1357 2814 vendendis,
1396 2762 1489 2803 aut

459 2846 570 2880 non
595 2826 887 2881 vendendis
913 2828 1177 2881 mercibus
1207 2828 1490 2881 consilium

465 2910 697 2979 capiunt.
741 2906 985 2960 Raevard.
1035 2908 1132 2960 lib.
1172 2908 1254 2960 111
1292 2908 1489 2961 Vario·

461 3004 611 3045 rum.
642 3003 758 3055 cap.
797 3004 884 3056 ¹7·
911 2988 1119 3040 Duae.

551 3083 574 3117 1
593 3084 638 3117 1.
679 3064 881 3117 occonis
903 3070 1032 3117 oersls.
1063 3068 1177 3118 Hoc
1207 3076 1311 3131 est,
1337 3076 1485 3119 octo·

459 3143 544 3196 nis
557 3143 755 3195 assibus
768 3181 782 3208 ‚
818 3162 1038 3197 romano
1053 3164 1112 3197 ac
1126 3146 1290 3198 veteri
1305 3164 1482 3199 more:

461 3240 690 3293 quorum
722 3220 846 3274 deni
887 3224 1088 3276 octonis
1127 3225 1324 3277 assibus
1373 3244 1490 3277 mo·

461 3314 597 3355 neta
637 3300 856 3371 'gallico
906 3303 1252 3356 aestimatione
1307 3318 1485 3357 nostra

461 3392 836 3452 permutantur
864 3397 878 3434 ε
920 3382 1096 3435 octoni
1160 3384 1269 3436 fere
1326 3384 1485 3436 senis.

463 3458 606 3512 Vide
635 3476 754 3531 quoe
782 3456 978 3513 dicturi
1025 3480 1204 3515 sumus
1233 3462 1328 3515 lib.
1361 3463 1485 3528 XV,

463 3556 579 3610 cap.
616 3560 634 3591 ι
658 3580 673 3602 ,
707 3548 762 3591 et
781 3538 874 3591 lib.
907 3540 1130 3605 xvm,
1165 3559 1280 3613 cap.
1318 3550 1385 3607 4,
1415 3541 1485 3595 de

463 3618 564 3671 hac
585 3618 785 3670 vilitate
811 3618 984 3671 omnis
1008 3638 1249 3673 annonae.
1275 3620 1342 3673 H.

551 3717 574 3751 1
590 3718 640 3751 2.
659 3698 1037 3767 Quadmnealia.
1061 3699 1207 3765 Quid
1228 3698 1488 3771 quadran-

463 3778 566 3841 tal,
597 3796 686 3831 seu
721 3778 976 3851 amphora
999 3778 1066 3830 sit
1080 3815 1097 3844 ,
1116 3777 1347 3834 diximus
1367 3796 1483 3849 cap.

469 3860 520 3911 5.
545 3856 723 3910 Hsnn.

545 3938 722 3991 XVII.
771 3954 792 3989 1
810 3977 822 3989 .
864 3938 1027 3990 Milli«
1075 3936 1264 3991 eadum.
1307 3936 1484 3991 Cadus

463 4030 542 4070 est
565 4018 696 4071 vasis
721 4018 914 4072 vinarii
943 4036 1107 4090 genus
1132 4016 1316 4071 decem
1353 4036 1483 4072 con-

1582 2365 1823 2405 octonos.
1849 2352 2031 2407 Banu.

1588 2440 1597 2451 ⁶
1669 2452 1720 2485 a.
1776 2433 1837 2483 In
1879 2434 2192 2503 congiarium.
2258 2432 2597 2503 Congiarium

1578 2528 1773 2563 munus
1796 2523 1938 2576 erat,
1972 2531 2081 2583 quo
2109 2512 2339 2582 populus
2367 2510 2601 2565 donaba·

1577 2600 1699 2654 tur,
1740 2602 1798 2642 ut
1838 2590 2031 2644 milites
2062 2589 2334 2644 donativo.
2382 2592 2597 2645 Sueton.

1577 2668 1633 2720 in
1663 2670 1794 2741 Aug.
1826 2688 1942 2741 cap.
1976 2684 2104 2724 xm:
2133 2696 2155 2718 ι
2186 2670 2467 2741 Congiaria
2500 2672 2597 2723 sre-

1575 2762 1800 2820 quenter
1824 2750 2030 2821 populo
2054 2746 2230 2807 dedit.
2259 2764 2360 2802 etc.
2398 2775 2421 2797 ι
2452 2750 2521 2802 H.

1660 2828 1713 2881 3.
1744 2828 1853 2881 Sibi
1896 2822 2137 2880 cardineci.
2170 2828 2456 2883 cardiacus
2486 2841 2594 2894 est,

1576 2908 1670 2979 qui
1697 2906 1939 2961 cardiaco
1968 2908 2160 2960 morbo
2188 2921 2422 2961 tentatur
2448 2928 2462 2960 t
2493 2928 2593 2981 quo

1574 2985 1648 3038 de
1670 3006 1865 3058 genere
1904 2988 2076 3040 morbi
2106 2986 2342 3040 dicemus
2367 2988 2423 3041 iu
2451 2988 2594 3041 libris

1576 3063 1645 3117 de
1669 3064 1951 3119 Medicina.
1976 3066 2158 3121 Horat.
2188 3068 2282 3121 lib.
2300 3068 2382 3134 11,
2404 3080 2501 3122 sat.
2528 3069 2591 3122 3:

1579 3171 1602 3193 ι
1636 3146 1759 3198 Non
1784 3158 1860 3199 est
1887 3144 2179 3213 cardiacus,
2222 3159 2321 3200 etc.
2358 3174 2381 3194 ι
2413 3147 2481 3200 Η.

1660 3230 1710 3288 4.
1736 3226 1797 3277 In
1830 3228 2044 3279 convivia
2067 3226 2329 3279 distribuit.
2372 3226 2439 3279 Id
2482 3239 2557 3280 est
2576 3264 2591 3290 ,

1574 3302 1631 3357 in
1656 3305 1866 3375 singula
1886 3305 2126 3359 convivia
2147 3306 2388 3377 singulos
2410 3305 2587 3363 cados.

1574 3383 1912 3456 singulasque
1930 3386 2229 3455 amphoras.
2256 3386 2488 3439 Convivia
2508 3385 2590 3437 hic

1575 3477 1730 3517 vocat
1778 3478 1981 3518 certum
2020 3464 2365 3518 convivarum
2412 3482 2589 3517 nume-

1574 3562 1695 3596 rum
1720 3561 1823 3596 una
1856 3542 2336 3609 discumbentium,
2368 3545 2462 3616 qui
2487 3545 2587 3596 fere

1573 3622 1713 3675 intra
1742 3624 2014 3675 Musarum
2042 3643 2324 3677 numerum
2354 3624 2589 3675 consiste-

1573 3702 1690 3766 bat,
1702 3703 1847 3773 juxta
1865 3703 2045 3756 tritum
2060 3702 2197 3757 illud
2216 3703 2551 3775 proverbium
2570 3720 2583 3752 τ

1583 3807 1605 3829 ι
1637 3782 1845 3853 Septem
1875 3782 2213 3849 convivium,
2254 3801 2449 3838 novem
2474 3800 2589 3836 con·

1575 3860 1782 3914 vitium.
1803 3888 1824 3908 ι
1860 3860 2075 3914 Gauii«.

1658 3942 1707 3994 5.
1722 3942 1887 4011 Epulo
1904 3942 2225 4006 veeruum
2246 3954 2380 3994 esset
2409 3940 2581 4012 epulo.

1574 4020 1843 4090 Epulones
1892 4019 2210 4074 dicebantur
2260 4019 2298 4073 ii
2332 4060 2351 4086 ‚
2399 4020 2584 4092 quibus
