<?xml version="1.0" encoding="UTF-8"?>
<!DOCTYPE html PUBLIC "-//W3C//DTD XHTML 1.0 Transitional//EN"
    "http://www.w3.org/TR/xhtml1/DTD/xhtml1-transitional.dtd">
<html xmlns="http://www.w3.org/1999/xhtml" xml:lang="en" lang="en">
 <head>
  <title>
</title>
<meta http-equiv="Content-Type" content="text/html;charset=utf-8" />
  <meta name='ocr-system' content='tesseract 3.04.00' />
  <meta name='ocr-capabilities' content='ocr_page ocr_carea ocr_par ocr_line ocrx_word'/>
</head>
<body>
  <div class='ocr_page' id='page_1' title='image "./historiaenatura00delagoog_0323.png"; bbox 0 0 2850 4684; ppageno 0'>
   <div class='ocr_carea' id='block_1_1' title="bbox 473 377 611 450">
    <p class='ocr_par' dir='ltr' id='par_1_1' title="bbox 473 377 611 450">
     <span class='ocr_line' id='line_1_1' title="bbox 473 377 611 450; baseline -0.014 0"><span class='ocrx_word' id='word_1_1' title='bbox 473 377 611 450; x_wconf 78' lang='lat'><strong>312</strong></span> 
     </span>
    </p>
   </div>
   <div class='ocr_carea' id='block_1_2' title="bbox 1014 381 2052 454">
    <p class='ocr_par' dir='ltr' id='par_1_2' title="bbox 1014 381 2052 454">
     <span class='ocr_line' id='line_1_2' title="bbox 1014 381 2052 454; baseline -0.002 -3"><span class='ocrx_word' id='word_1_2' title='bbox 1014 383 1088 451; x_wconf 87' lang='lat' dir='ltr'><strong>C.</strong></span> <span class='ocrx_word' id='word_1_3' title='bbox 1140 381 1478 453; x_wconf 85' lang='lat' dir='ltr'><strong>PLINII</strong></span> <span class='ocrx_word' id='word_1_4' title='bbox 1526 383 1740 454; x_wconf 78' lang='lat' dir='ltr'><strong>NAT.</strong></span> <span class='ocrx_word' id='word_1_5' title='bbox 1790 384 2052 452; x_wconf 90' lang='lat' dir='ltr'><strong>HIST.</strong></span> 
     </span>
    </p>
   </div>
   <div class='ocr_carea' id='block_1_3' title="bbox 402 500 2599 1164">
    <p class='ocr_par' dir='ltr' id='par_1_3' title="bbox 402 500 2599 1138">
     <span class='ocr_line' id='line_1_3' title="bbox 472 500 2599 610; baseline 0 -26"><span class='ocrx_word' id='word_1_6' title='bbox 472 512 785 586; x_wconf 74' lang='lat' dir='ltr'><strong>successit</strong></span> <span class='ocrx_word' id='word_1_7' title='bbox 810 509 939 598; x_wconf 86' lang='lat' dir='ltr'><strong>illi,</strong></span> <span class='ocrx_word' id='word_1_8' title='bbox 962 511 1249 582; x_wconf 89' lang='lat' dir='ltr'><strong>nobilem</strong></span> <span class='ocrx_word' id='word_1_9' title='bbox 1288 537 1576 609; x_wconf 81' lang='lat' dir='ltr'><strong>vappam</strong></span> <span class='ocrx_word' id='word_1_10' title='bbox 1596 511 1644 554; x_wconf 89' lang='lat'><strong>²⁷</strong></span> <span class='ocrx_word' id='word_1_11' title='bbox 1650 500 2039 584; x_wconf 86' lang='lat' dir='ltr'><strong>.²Certant⁸</strong></span> <span class='ocrx_word' id='word_1_12' title='bbox 2061 513 2344 584; x_wconf 84' lang='lat' dir='ltr'><strong>Massica</strong></span> <span class='ocrx_word' id='word_1_13' title='bbox 2365 539 2599 610; x_wconf 69' lang='lat' dir='ltr'><strong>aeque,-</strong></span> 
     </span>
     <span class='ocr_line' id='line_1_4' title="bbox 402 617 2596 750; baseline 0.002 -64"><span class='ocrx_word' id='word_1_14' title='bbox 402 631 434 686; x_wconf 83' lang='lat'>⁵</span> <span class='ocrx_word' id='word_1_15' title='bbox 470 641 553 690; x_wconf 83' lang='lat' dir='ltr'><strong>ex</strong></span> <span class='ocrx_word' id='word_1_16' title='bbox 584 631 810 690; x_wconf 88' lang='lat' dir='ltr'><strong>monte</strong></span> <span class='ocrx_word' id='word_1_17' title='bbox 838 620 1067 690; x_wconf 92' lang='lat' dir='ltr'><strong>Gauro</strong></span> <span class='ocrx_word' id='word_1_18' title='bbox 1085 617 1136 658; x_wconf 82' lang='lat'><strong>²⁹</strong></span> <span class='ocrx_word' id='word_1_19' title='bbox 1160 619 1470 690; x_wconf 78' lang='lat' dir='ltr'><strong>Puteolos</strong></span> <span class='ocrx_word' id='word_1_20' title='bbox 1507 621 1822 714; x_wconf 80' lang='lat' dir='ltr'><strong>Baiasque</strong></span> <span class='ocrx_word' id='word_1_21' title='bbox 1851 623 2357 750; x_wconf 75' lang='lat' dir='ltr'><strong>prospectantia.</strong></span> <span class='ocrx_word' id='word_1_22' title='bbox 2407 625 2596 690; x_wconf 85' lang='lat' dir='ltr'><strong>Nam</strong></span> 
     </span>
     <span class='ocr_line' id='line_1_5' title="bbox 466 711 2592 821; baseline -0.001 -25"><span class='ocrx_word' id='word_1_23' title='bbox 466 723 749 796; x_wconf 86' lang='lat' dir='ltr'><strong>Falerno</strong></span> <span class='ocrx_word' id='word_1_24' title='bbox 790 727 1198 796; x_wconf 84' lang='lat' dir='ltr'><strong>contermina</strong></span> <span class='ocrx_word' id='word_1_25' title='bbox 1226 728 1498 812; x_wconf 70' lang='lat' dir='ltr'><strong>Statana</strong></span> <span class='ocrx_word' id='word_1_26' title='bbox 1537 726 1622 796; x_wconf 86' lang='lat' dir='ltr'><strong>ad</strong></span> <span class='ocrx_word' id='word_1_27' title='bbox 1663 711 2130 821; x_wconf 83' lang='lat' dir='ltr'><strong>principatus³⁰</strong></span> <span class='ocrx_word' id='word_1_28' title='bbox 2164 750 2405 796; x_wconf 82' lang='lat' dir='ltr'><strong>venere</strong></span> <span class='ocrx_word' id='word_1_29' title='bbox 2447 749 2592 796; x_wconf 85' lang='lat' dir='ltr'><strong>non</strong></span> 
     </span>
     <span class='ocr_line' id='line_1_6' title="bbox 466 829 2590 928; baseline 0 -26"><span class='ocrx_word' id='word_1_30' title='bbox 466 831 702 921; x_wconf 87' lang='lat' dir='ltr'><strong>dubie;</strong></span> <span class='ocrx_word' id='word_1_31' title='bbox 734 829 1083 928; x_wconf 85' lang='lat' dir='ltr'><strong>palamque</strong></span> <span class='ocrx_word' id='word_1_32' title='bbox 1106 831 1321 902; x_wconf 87' lang='lat' dir='ltr'><strong>fecere</strong></span> <span class='ocrx_word' id='word_1_33' title='bbox 1342 857 1461 903; x_wconf 90' lang='lat' dir='ltr'><strong>sua</strong></span> <span class='ocrx_word' id='word_1_34' title='bbox 1477 833 1844 928; x_wconf 88' lang='lat' dir='ltr'><strong>quibusque</strong></span> <span class='ocrx_word' id='word_1_35' title='bbox 1865 835 2060 902; x_wconf 83' lang='lat' dir='ltr'><strong>terris</strong></span> <span class='ocrx_word' id='word_1_36' title='bbox 2085 847 2384 928; x_wconf 85' lang='lat' dir='ltr'><strong>tempora</strong></span> <span class='ocrx_word' id='word_1_37' title='bbox 2407 859 2590 918; x_wconf 88' lang='lat' dir='ltr'><strong>esse,</strong></span> 
     </span>
     <span class='ocr_line' id='line_1_7' title="bbox 470 939 2586 1068; baseline -0.002 -58"><span class='ocrx_word' id='word_1_38' title='bbox 470 941 645 1012; x_wconf 84' lang='lat' dir='ltr'><strong>sicut</strong></span> <span class='ocrx_word' id='word_1_39' title='bbox 680 963 902 1008; x_wconf 85' lang='lat' dir='ltr'><strong>rerum</strong></span> <span class='ocrx_word' id='word_1_40' title='bbox 961 940 1323 1068; x_wconf 71' lang='lat' dir='ltr'><strong>pr&#39;pventus</strong></span> <span class='ocrx_word' id='word_1_41' title='bbox 1366 961 1786 1058; x_wconf 79' lang='lat' dir='ltr'><strong>occasusque.</strong></span> <span class='ocrx_word' id='word_1_42' title='bbox 1845 941 2084 1008; x_wconf 77' lang='lat' dir='ltr'><strong>Iuncta</strong></span> <span class='ocrx_word' id='word_1_43' title='bbox 2138 939 2240 1008; x_wconf 86' lang='lat' dir='ltr'><strong>his</strong></span> <span class='ocrx_word' id='word_1_44' title='bbox 2289 941 2586 1034; x_wconf 77' lang='lat' dir='ltr'><strong>praeponi</strong></span> 
     </span>
     <span class='ocr_line' id='line_1_8' title="bbox 470 1030 2588 1164; baseline -0.001 -50"><span class='ocrx_word' id='word_1_45' title='bbox 470 1042 771 1116; x_wconf 82' lang='lat' dir='ltr'><strong>solebant</strong></span> <span class='ocrx_word' id='word_1_46' title='bbox 788 1030 1119 1130; x_wconf 82' lang='lat' dir='ltr'><strong>Calena³¹3</strong></span> <span class='ocrx_word' id='word_1_47' title='bbox 1100 1059 1221 1115; x_wconf 80' lang='lat' dir='ltr'><strong>‘et</strong></span> <span class='ocrx_word' id='word_1_48' title='bbox 1244 1069 1391 1164; x_wconf 80' lang='lat' dir='ltr'><strong>quae</strong></span> <span class='ocrx_word' id='word_1_49' title='bbox 1416 1046 1496 1114; x_wconf 77' lang='lat' dir='ltr'><strong>in.</strong></span> <span class='ocrx_word' id='word_1_50' title='bbox 1519 1045 1725 1138; x_wconf 86' lang='lat' dir='ltr'><strong>vineis</strong></span> <span class='ocrx_word' id='word_1_51' title='bbox 1743 1045 2154 1137; x_wconf 82' lang='lat' dir='ltr'><strong>arbustisque</strong></span> <span class='ocrx_word' id='word_1_52' title='bbox 2185 1059 2588 1129; x_wconf 86' lang='lat' dir='ltr'><strong>nascuntur,</strong></span> 
     </span>
    </p>
   </div>
   <div class='ocr_carea' id='block_1_4' title="bbox 467 1135 865 1222">
    <p class='ocr_par' dir='ltr' id='par_1_4' title="bbox 467 1135 865 1222">
     <span class='ocr_line' id='line_1_9' title="bbox 467 1135 865 1222; baseline 0 -2"><span class='ocrx_word' id='word_1_53' title='bbox 467 1135 865 1222; x_wconf 85' lang='lat' dir='ltr'><strong>Fundana-².</strong></span> 
     </span>
    </p>
   </div>
   <div class='ocr_carea' id='block_1_5' title="bbox 464 1241 1537 1352">
    <p class='ocr_par' dir='ltr' id='par_1_5' title="bbox 464 1241 1537 1352">
     <span class='ocr_line' id='line_1_10' title="bbox 464 1241 1537 1352; baseline -0.004 -24"><span class='ocrx_word' id='word_1_54' title='bbox 464 1256 703 1352; x_wconf 84' lang='lat' dir='ltr'><strong>tiaque.</strong></span> <span class='ocrx_word' id='word_1_55' title='bbox 762 1256 937 1326; x_wconf 85' lang='lat' dir='ltr'><strong>Nam</strong></span> <span class='ocrx_word' id='word_1_56' title='bbox 999 1256 1181 1351; x_wconf 89' lang='lat' dir='ltr'><strong>quod</strong></span> <span class='ocrx_word' id='word_1_57' title='bbox 1228 1256 1466 1350; x_wconf 70' lang='lat' dir='ltr'><strong>Signiae</strong></span> <span class='ocrx_word' id='word_1_58' title='bbox 1486 1241 1537 1281; x_wconf 86' lang='grc'><strong>33</strong></span> 
     </span>
    </p>
   </div>
   <div class='ocr_carea' id='block_1_6' title="bbox 912 1148 2586 1237">
    <p class='ocr_par' dir='ltr' id='par_1_6' title="bbox 912 1148 2586 1237">
     <span class='ocr_line' id='line_1_11' title="bbox 912 1148 2586 1237; baseline 0.001 -19"><span class='ocrx_word' id='word_1_59' title='bbox 912 1148 1057 1218; x_wconf 83' lang='lat' dir='ltr'><strong>Alia</strong></span> <span class='ocrx_word' id='word_1_60' title='bbox 1092 1173 1177 1220; x_wconf 83' lang='lat' dir='ltr'><strong>cx</strong></span> <span class='ocrx_word' id='word_1_61' title='bbox 1216 1151 1462 1219; x_wconf 85' lang='lat' dir='ltr'><strong>vicinia</strong></span> <span class='ocrx_word' id='word_1_62' title='bbox 1498 1150 1700 1219; x_wconf 81' lang='lat' dir='ltr'><strong>U1b1s</strong></span> <span class='ocrx_word' id='word_1_63' title='bbox 1743 1149 2185 1237; x_wconf 86' lang='lat' dir='ltr'><strong>Veliternina,</strong></span> <span class='ocrx_word' id='word_1_64' title='bbox 2235 1151 2586 1220; x_wconf 84' lang='lat' dir='ltr'><strong>Priverna-</strong></span> 
     </span>
    </p>
   </div>
   <div class='ocr_carea' id='block_1_7' title="bbox 1581 1257 2590 1341">
    <p class='ocr_par' dir='ltr' id='par_1_7' title="bbox 1581 1257 2590 1341">
     <span class='ocr_line' id='line_1_12' title="bbox 1581 1257 2590 1341; baseline 0 -17"><span class='ocrx_word' id='word_1_65' title='bbox 1581 1258 1905 1341; x_wconf 87' lang='lat' dir='ltr'><strong>nascitur‚</strong></span> <span class='ocrx_word' id='word_1_66' title='bbox 1963 1257 2342 1326; x_wconf 78' lang='lat' dir='ltr'><strong>austeritate</strong></span> <span class='ocrx_word' id='word_1_67' title='bbox 2383 1258 2590 1326; x_wconf 89' lang='lat' dir='ltr'><strong>nimia</strong></span> 
     </span>
    </p>
   </div>
   <div class='ocr_carea' id='block_1_8' title="bbox 460 1355 2588 1668">
    <p class='ocr_par' dir='ltr' id='par_1_8' title="bbox 460 1355 2588 1668">
     <span class='ocr_line' id='line_1_13' title="bbox 466 1355 2422 1449; baseline -0.002 -16"><span class='ocrx_word' id='word_1_68' title='bbox 466 1355 883 1434; x_wconf 55' lang='lat' dir='ltr'><strong>continenda*</strong></span> <span class='ocrx_word' id='word_1_69' title='bbox 924 1361 1085 1430; x_wconf 88' lang='lat' dir='ltr'><strong>utile</strong></span> <span class='ocrx_word' id='word_1_70' title='bbox 1118 1358 1307 1449; x_wconf 88' lang='lat' dir='ltr'><strong>alv0,</strong></span> <span class='ocrx_word' id='word_1_71' title='bbox 1339 1363 1512 1430; x_wconf 88' lang='lat' dir='ltr'><strong>inter</strong></span> <span class='ocrx_word' id='word_1_72' title='bbox 1541 1361 1978 1431; x_wconf 86' lang='lat' dir='ltr'><strong>medicamina</strong></span> <span class='ocrx_word' id='word_1_73' title='bbox 2017 1375 2422 1432; x_wconf 85' lang='lat' dir='ltr'><strong>numeratur.</strong></span> 
     </span>
     <span class='ocr_line' id='line_1_14' title="bbox 569 1451 2588 1562; baseline -0.001 -23"><span class='ocrx_word' id='word_1_74' title='bbox 569 1470 899 1559; x_wconf 88' lang='lat' dir='ltr'><strong>Quartum</strong></span> <span class='ocrx_word' id='word_1_75' title='bbox 914 1454 967 1501; x_wconf 77' lang='lat'><strong>²⁴</strong></span> <span class='ocrx_word' id='word_1_76' title='bbox 992 1467 1395 1538; x_wconf 86' lang='lat' dir='ltr'><strong>curriculum</strong></span> <span class='ocrx_word' id='word_1_77' title='bbox 1435 1465 1714 1560; x_wconf 87' lang='lat' dir='ltr'><strong>publicis</strong></span> <span class='ocrx_word' id='word_1_78' title='bbox 1739 1466 1950 1562; x_wconf 89' lang='lat' dir='ltr'><strong>epulis</strong></span> <span class='ocrx_word' id='word_1_79' title='bbox 1975 1451 2319 1536; x_wconf 83' lang='lat' dir='ltr'><strong>obtinuere</strong></span> <span class='ocrx_word' id='word_1_80' title='bbox 2341 1493 2382 1536; x_wconf 89' lang='lat' dir='ltr'><strong>a</strong></span> <span class='ocrx_word' id='word_1_81' title='bbox 2408 1469 2588 1538; x_wconf 88' lang='lat' dir='ltr'><strong>Divo</strong></span> 
     </span>
     <span class='ocr_line' id='line_1_15' title="bbox 460 1569 2588 1668; baseline -0.001 -23"><span class='ocrx_word' id='word_1_82' title='bbox 460 1579 499 1645; x_wconf 85' lang='lat' dir='ltr'><strong>J</strong></span> <span class='ocrx_word' id='word_1_83' title='bbox 506 1574 641 1647; x_wconf 91' lang='lat' dir='ltr'><strong>ulio</strong></span> <span class='ocrx_word' id='word_1_84' title='bbox 706 1569 809 1664; x_wconf 86' lang='lat' dir='ltr'><strong>(is</strong></span> <span class='ocrx_word' id='word_1_85' title='bbox 860 1575 1037 1643; x_wconf 89' lang='lat' dir='ltr'><strong>enim</strong></span> <span class='ocrx_word' id='word_1_86' title='bbox 1080 1574 1332 1668; x_wconf 85' lang='lat' dir='ltr'><strong>primus</strong></span> <span class='ocrx_word' id='word_1_87' title='bbox 1382 1575 1846 1644; x_wconf 86' lang='lat' dir='ltr'><strong>auctoritatem</strong></span> <span class='ocrx_word' id='word_1_88' title='bbox 1892 1573 1996 1644; x_wconf 85' lang='lat' dir='ltr'><strong>his</strong></span> <span class='ocrx_word' id='word_1_89' title='bbox 2053 1573 2285 1644; x_wconf 84' lang='lat' dir='ltr'><strong>tribuit</strong></span> <span class='ocrx_word' id='word_1_90' title='bbox 2309 1627 2330 1664; x_wconf 90' lang='lat'><strong>,</strong></span> <span class='ocrx_word' id='word_1_91' title='bbox 2383 1587 2460 1642; x_wconf 90' lang='lat' dir='ltr'><strong>ut</strong></span> <span class='ocrx_word' id='word_1_92' title='bbox 2517 1576 2588 1642; x_wconf 87' lang='lat' dir='ltr'><strong>in</strong></span> 
     </span>
    </p>
   </div>
   <div class='ocr_carea' id='block_1_9' title="bbox 457 1837 1490 4052">
    <p class='ocr_par' dir='ltr' id='par_1_9' title="bbox 457 1837 1485 2702">
     <span class='ocr_line' id='line_1_16' title="bbox 547 1837 1480 1911; baseline -0.004 -17"><span class='ocrx_word' id='word_1_93' title='bbox 547 1859 639 1911; x_wconf 77' lang='lat'><strong>27.</strong></span> <span class='ocrx_word' id='word_1_94' title='bbox 694 1839 754 1892; x_wconf 87' lang='lat' dir='ltr'><em>V</em></span> <span class='ocrx_word' id='word_1_95' title='bbox 745 1858 932 1910; x_wconf 70' lang='lat' dir='ltr'><strong>apparu.</strong></span> <span class='ocrx_word' id='word_1_96' title='bbox 997 1839 1218 1910; x_wconf 79' lang='lat' dir='ltr'><strong>vappa,</strong></span> <span class='ocrx_word' id='word_1_97' title='bbox 1294 1837 1480 1890; x_wconf 73' lang='lat' dir='ltr'><strong>vinum</strong></span> 
     </span>
     <span class='ocr_line' id='line_1_17' title="bbox 462 1913 1483 1990; baseline -0.007 -17"><span class='ocrx_word' id='word_1_98' title='bbox 462 1929 796 1990; x_wconf 82' lang='lat' dir='ltr'><strong>corruptum,</strong></span> <span class='ocrx_word' id='word_1_99' title='bbox 811 1918 1049 1983; x_wconf 70' lang='grc' dir='ltr'><strong>ἐξιςηκὼς</strong></span> <span class='ocrx_word' id='word_1_100' title='bbox 1064 1913 1212 1982; x_wconf 75' lang='grc' dir='ltr'><strong>οἶνος,</strong></span> <span class='ocrx_word' id='word_1_101' title='bbox 1239 1919 1325 1968; x_wconf 77' lang='lat' dir='ltr'><strong>vin</strong></span> <span class='ocrx_word' id='word_1_102' title='bbox 1348 1927 1483 1970; x_wconf 78' lang='lat' dir='ltr'><strong>tour-</strong></span> 
     </span>
     <span class='ocr_line' id='line_1_18' title="bbox 462 1991 1483 2067; baseline -0.002 -15"><span class='ocrx_word' id='word_1_103' title='bbox 462 2005 559 2060; x_wconf 67' lang='lat' dir='ltr'><strong>na&#39;:</strong></span> <span class='ocrx_word' id='word_1_104' title='bbox 579 2011 639 2052; x_wconf 88' lang='lat' dir='ltr'><strong>ut</strong></span> <span class='ocrx_word' id='word_1_105' title='bbox 662 1999 815 2066; x_wconf 75' lang='grc' dir='ltr'>ᾂξίνης</span> <span class='ocrx_word' id='word_1_106' title='bbox 842 2017 1081 2052; x_wconf 75' lang='lat' dir='ltr'><strong>acescens</strong></span> <span class='ocrx_word' id='word_1_107' title='bbox 1108 2016 1123 2052; x_wconf 71' lang='grc' dir='ltr'>ς</span> <span class='ocrx_word' id='word_1_108' title='bbox 1161 1991 1483 2067; x_wconf 59' lang='lat' dir='ltr'><strong>capenas-nc,</strong></span> 
     </span>
     <span class='ocr_line' id='line_1_19' title="bbox 462 2075 1485 2146; baseline -0.008 -14"><span class='ocrx_word' id='word_1_109' title='bbox 462 2089 517 2132; x_wconf 91' lang='lat' dir='ltr'><strong>et</strong></span> <span class='ocrx_word' id='word_1_110' title='bbox 537 2079 746 2142; x_wconf 75' lang='grc' dir='ltr'>ἰξὶτηλος</span> <span class='ocrx_word' id='word_1_111' title='bbox 766 2117 784 2141; x_wconf 84' lang='grc'><strong>,</strong></span> <span class='ocrx_word' id='word_1_112' title='bbox 804 2075 1088 2132; x_wconf 80' lang='lat' dir='ltr'><strong>evanidam</strong></span> <span class='ocrx_word' id='word_1_113' title='bbox 1108 2117 1125 2140; x_wconf 87' lang='lat'><strong>,</strong></span> <span class='ocrx_word' id='word_1_114' title='bbox 1149 2076 1381 2146; x_wconf 75' lang='lat' dir='ltr'><strong>fugiens,</strong></span> <span class='ocrx_word' id='word_1_115' title='bbox 1400 2078 1485 2145; x_wconf 79' lang='lat' dir='ltr'><strong>qui</strong></span> 
     </span>
     <span class='ocr_line' id='line_1_20' title="bbox 463 2156 1482 2226; baseline -0.005 -18"><span class='ocrx_word' id='word_1_116' title='bbox 463 2157 585 2214; x_wconf 71' lang='lat' dir='ltr'><strong>n&#39;ese</strong></span> <span class='ocrx_word' id='word_1_117' title='bbox 618 2160 763 2226; x_wconf 79' lang='lat' dir='ltr'><strong>point</strong></span> <span class='ocrx_word' id='word_1_118' title='bbox 804 2156 865 2208; x_wconf 80' lang='lat' dir='ltr'><strong>de</strong></span> <span class='ocrx_word' id='word_1_119' title='bbox 905 2156 1059 2224; x_wconf 75' lang='lat' dir='ltr'><strong>garde</strong></span> <span class='ocrx_word' id='word_1_120' title='bbox 1084 2173 1105 2207; x_wconf 89' lang='lat'><strong>.·</strong></span> <span class='ocrx_word' id='word_1_121' title='bbox 1136 2156 1442 2222; x_wconf 71' lang='grc' dir='ltr'><strong>ὶκλρλυμίνος</strong></span> <span class='ocrx_word' id='word_1_122' title='bbox 1465 2190 1482 2216; x_wconf 87' lang='grc'><em>,</em></span> 
     </span>
     <span class='ocr_line' id='line_1_21' title="bbox 462 2231 1484 2307; baseline -0.004 -19"><span class='ocrx_word' id='word_1_123' title='bbox 462 2233 775 2307; x_wconf 72' lang='lat' dir='ltr'><strong>languidum</strong></span> <span class='ocrx_word' id='word_1_124' title='bbox 816 2247 871 2288; x_wconf 87' lang='lat' dir='ltr'><strong>et</strong></span> <span class='ocrx_word' id='word_1_125' title='bbox 908 2235 1227 2298; x_wconf 70' lang='lat' dir='ltr'><strong>subiectum,</strong></span> <span class='ocrx_word' id='word_1_126' title='bbox 1274 2235 1357 2306; x_wconf 74' lang='lat' dir='ltr'><strong>qui</strong></span> <span class='ocrx_word' id='word_1_127' title='bbox 1394 2231 1484 2284; x_wconf 76' lang='lat' dir='ltr'><strong>n&#39;a</strong></span> 
     </span>
     <span class='ocr_line' id='line_1_22' title="bbox 457 2311 1481 2387; baseline -0.005 -18"><span class='ocrx_word' id='word_1_128' title='bbox 457 2321 601 2387; x_wconf 77' lang='lat' dir='ltr'><strong>point</strong></span> <span class='ocrx_word' id='word_1_129' title='bbox 642 2315 704 2367; x_wconf 77' lang='lat' dir='ltr'><strong>de</strong></span> <span class='ocrx_word' id='word_1_130' title='bbox 726 2315 882 2380; x_wconf 70' lang='lat' dir='ltr'><strong>force.</strong></span> <span class='ocrx_word' id='word_1_131' title='bbox 924 2315 1062 2366; x_wconf 76' lang='lat' dir='ltr'><strong>Du..</strong></span> <span class='ocrx_word' id='word_1_132' title='bbox 1116 2343 1197 2354; x_wconf 90' lang='lat'><strong>-—</strong></span> <span class='ocrx_word' id='word_1_133' title='bbox 1236 2311 1295 2364; x_wconf 87' lang='lat' dir='ltr'><em>V</em></span> <span class='ocrx_word' id='word_1_134' title='bbox 1288 2331 1481 2382; x_wconf 75' lang='lat' dir='ltr'><strong>apparu.</strong></span> 
     </span>
     <span class='ocr_line' id='line_1_23' title="bbox 466 2392 1479 2460; baseline -0.004 -12"><span class='ocrx_word' id='word_1_135' title='bbox 466 2395 669 2454; x_wconf 78' lang='lat' dir='ltr'><strong>Vinum</strong></span> <span class='ocrx_word' id='word_1_136' title='bbox 707 2392 1001 2460; x_wconf 81' lang='lat' dir='ltr'><strong>sublestum</strong></span> <span class='ocrx_word' id='word_1_137' title='bbox 1049 2409 1157 2446; x_wconf 82' lang='lat' dir='ltr'><strong>vox</strong></span> <span class='ocrx_word' id='word_1_138' title='bbox 1204 2409 1267 2444; x_wconf 88' lang='lat' dir='ltr'><strong>ea</strong></span> <span class='ocrx_word' id='word_1_139' title='bbox 1308 2403 1479 2444; x_wconf 82' lang='lat' dir='ltr'><strong>sonat.</strong></span> 
     </span>
     <span class='ocr_line' id='line_1_24' title="bbox 464 2469 1484 2538; baseline -0.005 -11"><span class='ocrx_word' id='word_1_140' title='bbox 464 2473 652 2528; x_wconf 83' lang='lat' dir='ltr'><strong>Horat.</strong></span> <span class='ocrx_word' id='word_1_141' title='bbox 678 2471 775 2537; x_wconf 80' lang='lat' dir='ltr'><strong>lib.</strong></span> <span class='ocrx_word' id='word_1_142' title='bbox 794 2473 855 2538; x_wconf 89' lang='lat'><strong>1,</strong></span> <span class='ocrx_word' id='word_1_143' title='bbox 889 2473 997 2526; x_wconf 86' lang='lat' dir='ltr'><strong>Sat.</strong></span> <span class='ocrx_word' id='word_1_144' title='bbox 1019 2476 1048 2526; x_wconf 79' lang='lat'><em>5</em></span> <span class='ocrx_word' id='word_1_145' title='bbox 1070 2509 1085 2532; x_wconf 86' lang='lat'><strong>.</strong></span> <span class='ocrx_word' id='word_1_146' title='bbox 1112 2489 1163 2524; x_wconf 80' lang='lat' dir='ltr'><strong>v.</strong></span> <span class='ocrx_word' id='word_1_147' title='bbox 1180 2474 1243 2523; x_wconf 83' lang='lat'><strong>16</strong></span> <span class='ocrx_word' id='word_1_148' title='bbox 1272 2489 1289 2524; x_wconf 77' lang='lat'>2</span> <span class='ocrx_word' id='word_1_149' title='bbox 1316 2493 1339 2514; x_wconf 75' lang='grc' dir='ltr'><strong>«ι</strong></span> <span class='ocrx_word' id='word_1_150' title='bbox 1366 2469 1484 2522; x_wconf 83' lang='lat' dir='ltr'><strong>Ab·</strong></span> 
     </span>
     <span class='ocr_line' id='line_1_25' title="bbox 462 2550 1484 2621; baseline -0.005 -14"><span class='ocrx_word' id='word_1_151' title='bbox 462 2564 667 2607; x_wconf 80' lang='lat' dir='ltr'><strong>sentem</strong></span> <span class='ocrx_word' id='word_1_152' title='bbox 702 2565 877 2605; x_wconf 86' lang='lat' dir='ltr'><strong>cantat</strong></span> <span class='ocrx_word' id='word_1_153' title='bbox 900 2550 1124 2604; x_wconf 84' lang='lat' dir='ltr'><strong>amicam</strong></span> <span class='ocrx_word' id='word_1_154' title='bbox 1162 2550 1333 2606; x_wconf 76' lang='lat' dir='ltr'><strong>Multa</strong></span> <span class='ocrx_word' id='word_1_155' title='bbox 1356 2569 1484 2621; x_wconf 85' lang='lat' dir='ltr'><strong>pro·</strong></span> 
     </span>
     <span class='ocr_line' id='line_1_26' title="bbox 460 2631 1283 2702; baseline 0 -16"><span class='ocrx_word' id='word_1_156' title='bbox 460 2633 605 2687; x_wconf 81' lang='lat' dir='ltr'><strong>lutus</strong></span> <span class='ocrx_word' id='word_1_157' title='bbox 628 2649 797 2702; x_wconf 79' lang='lat' dir='ltr'><strong>vappa</strong></span> <span class='ocrx_word' id='word_1_158' title='bbox 829 2644 1006 2686; x_wconf 86' lang='lat' dir='ltr'><strong>nauta.</strong></span> <span class='ocrx_word' id='word_1_159' title='bbox 1036 2656 1059 2677; x_wconf 77' lang='grc' dir='ltr'>ι</span> <span class='ocrx_word' id='word_1_160' title='bbox 1102 2631 1283 2686; x_wconf 73' lang='lat' dir='ltr'><strong>Hum-</strong></span> 
     </span>
    </p>

    <p class='ocr_par' dir='ltr' id='par_1_10' title="bbox 462 2709 1488 3102">
     <span class='ocr_line' id='line_1_27' title="bbox 548 2709 1482 2779; baseline -0.007 -13"><span class='ocrx_word' id='word_1_161' title='bbox 548 2713 641 2766; x_wconf 74' lang='lat'><strong>28.</strong></span> <span class='ocrx_word' id='word_1_162' title='bbox 688 2709 905 2769; x_wconf 70' lang='lat' dir='ltr'><strong>Certant.</strong></span> <span class='ocrx_word' id='word_1_163' title='bbox 950 2713 1030 2764; x_wconf 91' lang='lat' dir='ltr'><strong>De</strong></span> <span class='ocrx_word' id='word_1_164' title='bbox 1072 2709 1223 2776; x_wconf 65' lang='lat' dir='ltr'><strong>tertia</strong></span> <span class='ocrx_word' id='word_1_165' title='bbox 1272 2709 1448 2779; x_wconf 81' lang='lat' dir='ltr'><strong>palma</strong></span> <span class='ocrx_word' id='word_1_166' title='bbox 1465 2745 1482 2768; x_wconf 87' lang='lat'>‚</span> 
     </span>
     <span class='ocr_line' id='line_1_28' title="bbox 463 2787 1484 2860; baseline -0.007 -13"><span class='ocrx_word' id='word_1_167' title='bbox 463 2793 576 2847; x_wconf 80' lang='lat' dir='ltr'><strong>aive</strong></span> <span class='ocrx_word' id='word_1_168' title='bbox 604 2789 673 2849; x_wconf 84' lang='lat' dir='ltr'><strong>de</strong></span> <span class='ocrx_word' id='word_1_169' title='bbox 694 2791 853 2844; x_wconf 84' lang='lat' dir='ltr'><strong>tertio</strong></span> <span class='ocrx_word' id='word_1_170' title='bbox 878 2788 1167 2844; x_wconf 81' lang='lat' dir='ltr'><strong>nobilitatis</strong></span> <span class='ocrx_word' id='word_1_171' title='bbox 1187 2787 1357 2860; x_wconf 72' lang='lat' dir='ltr'><strong>gradu</strong></span> <span class='ocrx_word' id='word_1_172' title='bbox 1376 2805 1484 2840; x_wconf 84' lang='lat' dir='ltr'><strong>cer·</strong></span> 
     </span>
     <span class='ocr_line' id='line_1_29' title="bbox 464 2866 1488 2928; baseline -0.005 -3"><span class='ocrx_word' id='word_1_173' title='bbox 464 2883 579 2926; x_wconf 86' lang='lat' dir='ltr'><strong>tant</strong></span> <span class='ocrx_word' id='word_1_174' title='bbox 598 2889 723 2924; x_wconf 88' lang='lat' dir='ltr'><strong>cnm</strong></span> <span class='ocrx_word' id='word_1_175' title='bbox 754 2869 978 2924; x_wconf 77' lang='lat' dir='ltr'><strong>Albanis</strong></span> <span class='ocrx_word' id='word_1_176' title='bbox 1000 2869 1237 2928; x_wconf 75' lang='lat' dir='ltr'><strong>Massica.</strong></span> <span class='ocrx_word' id='word_1_177' title='bbox 1278 2866 1488 2921; x_wconf 87' lang='lat' dir='ltr'><strong>Laudat</strong></span> 
     </span>
     <span class='ocr_line' id='line_1_30' title="bbox 464 2947 1488 3016; baseline -0.004 -12"><span class='ocrx_word' id='word_1_178' title='bbox 464 2951 747 3014; x_wconf 75' lang='lat' dir='ltr'><strong>Horatius,</strong></span> <span class='ocrx_word' id='word_1_179' title='bbox 773 2948 880 3003; x_wconf 88' lang='lat' dir='ltr'><strong>Od.</strong></span> <span class='ocrx_word' id='word_1_180' title='bbox 910 2951 969 3007; x_wconf 90' lang='lat'><strong>1,</strong></span> <span class='ocrx_word' id='word_1_181' title='bbox 1004 2967 1029 3002; x_wconf 87' lang='lat'>1</span> <span class='ocrx_word' id='word_1_182' title='bbox 1052 2986 1069 3013; x_wconf 87' lang='lat'><strong>,</strong></span> <span class='ocrx_word' id='word_1_183' title='bbox 1106 2967 1209 3016; x_wconf 80' lang='lat'><strong>19:</strong></span> <span class='ocrx_word' id='word_1_184' title='bbox 1247 2974 1269 2996; x_wconf 78' lang='grc' dir='ltr'>ι</span> <span class='ocrx_word' id='word_1_185' title='bbox 1293 2947 1488 3001; x_wconf 80' lang='lat' dir='ltr'><strong>veteris</strong></span> 
     </span>
     <span class='ocr_line' id='line_1_31' title="bbox 462 3027 1190 3102; baseline -0.007 -16"><span class='ocrx_word' id='word_1_186' title='bbox 462 3030 657 3102; x_wconf 75' lang='lat' dir='ltr'><strong>pocula</strong></span> <span class='ocrx_word' id='word_1_187' title='bbox 682 3027 912 3082; x_wconf 75' lang='lat' dir='ltr'><strong>Massici.</strong></span> <span class='ocrx_word' id='word_1_188' title='bbox 947 3053 970 3076; x_wconf 71' lang='grc' dir='ltr'>ι</span> <span class='ocrx_word' id='word_1_189' title='bbox 1004 3027 1190 3080; x_wconf 68' lang='lat' dir='ltr'><strong>Hann-</strong></span> 
     </span>
    </p>

    <p class='ocr_par' dir='ltr' id='par_1_11' title="bbox 465 3105 1490 3559">
     <span class='ocr_line' id='line_1_32' title="bbox 552 3105 1486 3177; baseline -0.002 -15"><span class='ocrx_word' id='word_1_190' title='bbox 552 3126 642 3177; x_wconf 73' lang='lat'><strong>29.</strong></span> <span class='ocrx_word' id='word_1_191' title='bbox 672 3109 761 3160; x_wconf 78' lang='lat' dir='ltr'><strong>Ea:</strong></span> <span class='ocrx_word' id='word_1_192' title='bbox 790 3119 947 3160; x_wconf 76' lang='lat' dir='ltr'><strong>monte</strong></span> <span class='ocrx_word' id='word_1_193' title='bbox 972 3105 1163 3164; x_wconf 77' lang='lat' dir='ltr'><strong>Gauro.</strong></span> <span class='ocrx_word' id='word_1_194' title='bbox 1189 3105 1309 3160; x_wconf 79' lang='lat' dir='ltr'><strong>Hoc</strong></span> <span class='ocrx_word' id='word_1_195' title='bbox 1332 3119 1436 3172; x_wconf 81' lang='lat' dir='ltr'><strong>est,</strong></span> <span class='ocrx_word' id='word_1_196' title='bbox 1453 3125 1486 3160; x_wconf 76' lang='grc' dir='ltr'><strong>ο</strong></span> 
     </span>
     <span class='ocr_line' id='line_1_33' title="bbox 466 3185 1490 3252; baseline -0.004 -10"><span class='ocrx_word' id='word_1_197' title='bbox 466 3200 647 3252; x_wconf 79' lang='lat' dir='ltr'><strong>monte</strong></span> <span class='ocrx_word' id='word_1_198' title='bbox 673 3185 895 3242; x_wconf 71' lang='lat' dir='ltr'><strong>Massico</strong></span> <span class='ocrx_word' id='word_1_199' title='bbox 917 3185 975 3239; x_wconf 86' lang='lat' dir='ltr'><strong>in</strong></span> <span class='ocrx_word' id='word_1_200' title='bbox 994 3186 1303 3239; x_wconf 79' lang='lat' dir='ltr'><strong>Gauranum</strong></span> <span class='ocrx_word' id='word_1_201' title='bbox 1323 3198 1490 3240; x_wconf 84' lang='lat' dir='ltr'><strong>trans·</strong></span> 
     </span>
     <span class='ocr_line' id='line_1_34' title="bbox 465 3265 1484 3336; baseline 0 -16"><span class='ocrx_word' id='word_1_202' title='bbox 465 3267 587 3320; x_wconf 69' lang='lat' dir='ltr'><strong>latis</strong></span> <span class='ocrx_word' id='word_1_203' title='bbox 611 3265 809 3319; x_wconf 72' lang='lat' dir='ltr'><strong>vitibus</strong></span> <span class='ocrx_word' id='word_1_204' title='bbox 836 3265 961 3318; x_wconf 81' lang='lat' dir='ltr'><strong>vina</strong></span> <span class='ocrx_word' id='word_1_205' title='bbox 1003 3283 1262 3336; x_wconf 81' lang='lat' dir='ltr'><strong>expressa.</strong></span> <span class='ocrx_word' id='word_1_206' title='bbox 1296 3265 1484 3320; x_wconf 72' lang='lat' dir='ltr'><strong>Hann-</strong></span> 
     </span>
     <span class='ocr_line' id='line_1_35' title="bbox 465 3343 1488 3404; baseline 0 -6"><span class='ocrx_word' id='word_1_207' title='bbox 465 3369 548 3398; x_wconf 90' lang='lat'><strong>—-.-</strong></span> <span class='ocrx_word' id='word_1_208' title='bbox 574 3345 761 3404; x_wconf 73' lang='lat' dir='ltr'><strong>Gauro.</strong></span> <span class='ocrx_word' id='word_1_209' title='bbox 786 3345 875 3399; x_wconf 80' lang='lat' dir='ltr'><strong>six</strong></span> <span class='ocrx_word' id='word_1_210' title='bbox 906 3363 969 3398; x_wconf 86' lang='lat' dir='ltr'><strong>ex</strong></span> <span class='ocrx_word' id='word_1_211' title='bbox 998 3343 1160 3399; x_wconf 80' lang='lat' dir='ltr'><strong>MSS.</strong></span> <span class='ocrx_word' id='word_1_212' title='bbox 1186 3343 1488 3398; x_wconf 75' lang='lat' dir='ltr'><strong>emendavit</strong></span> 
     </span>
     <span class='ocr_line' id='line_1_36' title="bbox 466 3423 1487 3491; baseline -0.002 -13"><span class='ocrx_word' id='word_1_213' title='bbox 466 3423 807 3491; x_wconf 71' lang='lat' dir='ltr'><strong>Hardninus3</strong></span> <span class='ocrx_word' id='word_1_214' title='bbox 848 3423 1089 3478; x_wconf 77' lang='lat' dir='ltr'><strong>Gronov.</strong></span> <span class='ocrx_word' id='word_1_215' title='bbox 1119 3435 1175 3478; x_wconf 88' lang='lat' dir='ltr'><strong>et</strong></span> <span class='ocrx_word' id='word_1_216' title='bbox 1199 3423 1287 3478; x_wconf 80' lang='lat' dir='ltr'><strong>alii</strong></span> <span class='ocrx_word' id='word_1_217' title='bbox 1300 3463 1318 3490; x_wconf 90' lang='lat'><strong>,</strong></span> <span class='ocrx_word' id='word_1_218' title='bbox 1346 3423 1487 3478; x_wconf 75' lang='lat' dir='ltr'><strong>Gaa-</strong></span> 
     </span>
     <span class='ocr_line' id='line_1_37' title="bbox 466 3505 738 3559; baseline 0 0"><span class='ocrx_word' id='word_1_219' title='bbox 466 3525 605 3559; x_wconf 74' lang='lat' dir='ltr'><strong>raeuo.</strong></span> <span class='ocrx_word' id='word_1_220' title='bbox 632 3505 738 3559; x_wconf 83' lang='lat' dir='ltr'><strong>En.</strong></span> 
     </span>
    </p>

    <p class='ocr_par' dir='ltr' id='par_1_12' title="bbox 459 3580 1488 3895">
     <span class='ocr_line' id='line_1_38' title="bbox 548 3580 1486 3655; baseline -0.005 -16"><span class='ocrx_word' id='word_1_221' title='bbox 548 3587 639 3640; x_wconf 81' lang='lat'><strong>30.</strong></span> <span class='ocrx_word' id='word_1_222' title='bbox 668 3583 765 3638; x_wconf 76' lang='lat' dir='ltr'><strong>Ad</strong></span> <span class='ocrx_word' id='word_1_223' title='bbox 782 3584 1099 3655; x_wconf 76' lang='lat' dir='ltr'><strong>principatus.</strong></span> <span class='ocrx_word' id='word_1_224' title='bbox 1140 3581 1226 3636; x_wconf 77' lang='lat' dir='ltr'><strong>Ad</strong></span> <span class='ocrx_word' id='word_1_225' title='bbox 1256 3580 1486 3653; x_wconf 84' lang='lat' dir='ltr'><strong>primam</strong></span> 
     </span>
     <span class='ocr_line' id='line_1_39' title="bbox 464 3661 1488 3736; baseline -0.005 -18"><span class='ocrx_word' id='word_1_226' title='bbox 464 3665 697 3736; x_wconf 85' lang='lat' dir='ltr'><strong>palmam</strong></span> <span class='ocrx_word' id='word_1_227' title='bbox 721 3679 737 3715; x_wconf 69' lang='grc' dir='ltr'><strong>ε</strong></span> <span class='ocrx_word' id='word_1_228' title='bbox 764 3675 827 3718; x_wconf 86' lang='lat' dir='ltr'><strong>ut</strong></span> <span class='ocrx_word' id='word_1_229' title='bbox 846 3662 1050 3716; x_wconf 66' lang='lat' dir='ltr'><strong>eniteris</strong></span> <span class='ocrx_word' id='word_1_230' title='bbox 1068 3661 1321 3716; x_wconf 79' lang='lat' dir='ltr'><strong>omnibus</strong></span> <span class='ocrx_word' id='word_1_231' title='bbox 1332 3678 1488 3732; x_wconf 68' lang='lat' dir='ltr'><strong>gene-</strong></span> 
     </span>
     <span class='ocr_line' id='line_1_40' title="bbox 464 3740 1485 3815; baseline -0.004 -17"><span class='ocrx_word' id='word_1_232' title='bbox 464 3745 615 3802; x_wconf 81' lang='lat' dir='ltr'><strong>ribus</strong></span> <span class='ocrx_word' id='word_1_233' title='bbox 632 3751 1099 3815; x_wconf 73' lang='lat' dir='ltr'><strong>anteponerentur.</strong></span> <span class='ocrx_word' id='word_1_234' title='bbox 1114 3743 1185 3796; x_wconf 80' lang='lat'><strong>11.</strong></span> <span class='ocrx_word' id='word_1_235' title='bbox 1206 3771 1287 3784; x_wconf 91' lang='lat'><strong>--</strong></span> <span class='ocrx_word' id='word_1_236' title='bbox 1306 3740 1485 3794; x_wconf 83' lang='lat' dir='ltr'><strong>Dalec.</strong></span> 
     </span>
     <span class='ocr_line' id='line_1_41' title="bbox 459 3819 939 3895; baseline -0.013 -16"><span class='ocrx_word' id='word_1_237' title='bbox 459 3827 803 3895; x_wconf 74' lang='lat' dir='ltr'><strong>principatum,</strong></span> <span class='ocrx_word' id='word_1_238' title='bbox 833 3819 939 3874; x_wconf 86' lang='lat' dir='ltr'><strong>En.</strong></span> 
     </span>
    </p>

    <p class='ocr_par' dir='ltr' id='par_1_13' title="bbox 470 3899 1486 4052">
     <span class='ocr_line' id='line_1_42' title="bbox 550 3899 1486 3970; baseline -0.011 -10"><span class='ocrx_word' id='word_1_239' title='bbox 550 3905 583 3960; x_wconf 86' lang='grc'><strong><em>3</em></strong></span> <span class='ocrx_word' id='word_1_240' title='bbox 596 3921 616 3956; x_wconf 83' lang='grc' dir='ltr'>ι</span> <span class='ocrx_word' id='word_1_241' title='bbox 630 3943 647 3958; x_wconf 91' lang='grc'><strong><em>.</em></strong></span> <span class='ocrx_word' id='word_1_242' title='bbox 674 3903 857 3956; x_wconf 73' lang='lat' dir='ltr'><strong>Iuncta</strong></span> <span class='ocrx_word' id='word_1_243' title='bbox 896 3902 971 3952; x_wconf 81' lang='lat' dir='ltr'><strong>lu&#39;s</strong></span> <span class='ocrx_word' id='word_1_244' title='bbox 1006 3903 1226 3970; x_wconf 78' lang='lat' dir='ltr'><strong>proepoeu&#39;</strong></span> <span class='ocrx_word' id='word_1_245' title='bbox 1268 3899 1486 3952; x_wconf 77' lang='lat' dir='ltr'><strong>solebant</strong></span> 
     </span>
     <span class='ocr_line' id='line_1_43' title="bbox 470 3978 1484 4052; baseline -0.007 -14"><span class='ocrx_word' id='word_1_246' title='bbox 470 3985 673 4038; x_wconf 77' lang='lat' dir='ltr'><strong>Calena.</strong></span> <span class='ocrx_word' id='word_1_247' title='bbox 721 3983 805 4038; x_wconf 76' lang='lat' dir='ltr'><strong>Ab</strong></span> <span class='ocrx_word' id='word_1_248' title='bbox 868 3978 1069 4052; x_wconf 78' lang='lat' dir='ltr'><strong>oppido</strong></span> <span class='ocrx_word' id='word_1_249' title='bbox 1134 3978 1484 4050; x_wconf 73' lang='lat' dir='ltr'><strong>cognomine,</strong></span> 
     </span>
    </p>
   </div>
   <div class='ocr_carea' id='block_1_10' title="bbox 1565 1834 2602 4044">
    <p class='ocr_par' dir='ltr' id='par_1_14' title="bbox 1567 1834 2589 1987">
     <span class='ocr_line' id='line_1_44' title="bbox 1567 1834 2589 1909; baseline 0.003 -20"><span class='ocrx_word' id='word_1_250' title='bbox 1567 1834 1636 1890; x_wconf 88' lang='lat' dir='ltr'><strong>de</strong></span> <span class='ocrx_word' id='word_1_251' title='bbox 1657 1855 1766 1909; x_wconf 89' lang='lat' dir='ltr'><strong>quo</strong></span> <span class='ocrx_word' id='word_1_252' title='bbox 1793 1839 1904 1906; x_wconf 83' lang='lat' dir='ltr'><strong>jam</strong></span> <span class='ocrx_word' id='word_1_253' title='bbox 1931 1834 2166 1890; x_wconf 84' lang='lat' dir='ltr'><strong>diximus</strong></span> <span class='ocrx_word' id='word_1_254' title='bbox 2195 1835 2336 1890; x_wconf 85' lang='lat' dir='ltr'><strong>libro</strong></span> <span class='ocrx_word' id='word_1_255' title='bbox 2365 1837 2473 1895; x_wconf 84' lang='lat'><strong>111.</strong></span> <span class='ocrx_word' id='word_1_256' title='bbox 2501 1857 2589 1892; x_wconf 84' lang='lat' dir='ltr'><strong>ca·</strong></span> 
     </span>
     <span class='ocr_line' id='line_1_45' title="bbox 1567 1917 1970 1987; baseline 0.005 -19"><span class='ocrx_word' id='word_1_257' title='bbox 1567 1917 1678 1986; x_wconf 87' lang='lat' dir='ltr'><strong>pite</strong></span> <span class='ocrx_word' id='word_1_258' title='bbox 1705 1936 1759 1987; x_wconf 86' lang='lat'><strong>9.</strong></span> <span class='ocrx_word' id='word_1_259' title='bbox 1791 1917 1970 1970; x_wconf 63' lang='lat' dir='ltr'><strong>Halm.</strong></span> 
     </span>
    </p>

    <p class='ocr_par' dir='ltr' id='par_1_15' title="bbox 1565 1994 2602 2699">
     <span class='ocr_line' id='line_1_46' title="bbox 1650 1994 2588 2068; baseline 0.002 -20"><span class='ocrx_word' id='word_1_260' title='bbox 1650 1995 1743 2048; x_wconf 76' lang='lat'><strong>32.</strong></span> <span class='ocrx_word' id='word_1_261' title='bbox 1803 1995 2059 2051; x_wconf 77' lang='lat' dir='ltr'><strong>Fundana.</strong></span> <span class='ocrx_word' id='word_1_262' title='bbox 2108 1994 2163 2048; x_wconf 75' lang='lat' dir='ltr'>A</span> <span class='ocrx_word' id='word_1_263' title='bbox 2215 1995 2319 2052; x_wconf 71' lang='lat' dir='ltr'><strong>suis</strong></span> <span class='ocrx_word' id='word_1_264' title='bbox 2361 2013 2588 2068; x_wconf 81' lang='lat' dir='ltr'><strong>quaeque</strong></span> 
     </span>
     <span class='ocr_line' id='line_1_47' title="bbox 1568 2073 2602 2145; baseline 0.004 -20"><span class='ocrx_word' id='word_1_265' title='bbox 1568 2073 1783 2145; x_wconf 85' lang='lat' dir='ltr'><strong>oppidis</strong></span> <span class='ocrx_word' id='word_1_266' title='bbox 1821 2074 2186 2145; x_wconf 75' lang='lat' dir='ltr'><strong>cognominata</strong></span> <span class='ocrx_word' id='word_1_267' title='bbox 2213 2092 2228 2126; x_wconf 73' lang='grc' dir='ltr'><em>ε</em></span> <span class='ocrx_word' id='word_1_268' title='bbox 2261 2073 2328 2126; x_wconf 90' lang='lat' dir='ltr'><strong>de</strong></span> <span class='ocrx_word' id='word_1_269' title='bbox 2359 2076 2602 2145; x_wconf 57' lang='lat' dir='ltr'><strong>quihus„</strong></span> 
     </span>
     <span class='ocr_line' id='line_1_48' title="bbox 1565 2149 2586 2225; baseline 0.004 -21"><span class='ocrx_word' id='word_1_270' title='bbox 1565 2153 1660 2206; x_wconf 85' lang='lat' dir='ltr'><strong>lib.</strong></span> <span class='ocrx_word' id='word_1_271' title='bbox 1705 2155 1790 2206; x_wconf 92' lang='lat'><strong>111</strong></span> <span class='ocrx_word' id='word_1_272' title='bbox 1805 2193 1820 2216; x_wconf 90' lang='lat'><strong>,</strong></span> <span class='ocrx_word' id='word_1_273' title='bbox 1865 2155 2083 2225; x_wconf 78' lang='lat' dir='ltr'><strong>egimus.</strong></span> <span class='ocrx_word' id='word_1_274' title='bbox 2137 2149 2410 2214; x_wconf 77' lang='grc' dir='ltr'><strong>Φουνδανὸς</strong></span> <span class='ocrx_word' id='word_1_275' title='bbox 2465 2151 2586 2218; x_wconf 78' lang='grc' dir='ltr'><strong>οἶνος</strong></span> 
     </span>
     <span class='ocr_line' id='line_1_49' title="bbox 1570 2233 2589 2304; baseline 0.002 -19"><span class='ocrx_word' id='word_1_276' title='bbox 1570 2233 1761 2287; x_wconf 75' lang='lat' dir='ltr'><strong>Athen.</strong></span> <span class='ocrx_word' id='word_1_277' title='bbox 1792 2233 1886 2298; x_wconf 83' lang='lat' dir='ltr'><strong>lib.</strong></span> <span class='ocrx_word' id='word_1_278' title='bbox 1915 2235 1976 2300; x_wconf 91' lang='lat'><strong>1,</strong></span> <span class='ocrx_word' id='word_1_279' title='bbox 2003 2251 2124 2304; x_wconf 73' lang='lat' dir='ltr'><strong>pag.</strong></span> <span class='ocrx_word' id='word_1_280' title='bbox 2157 2253 2244 2304; x_wconf 80' lang='lat'><strong>²7·</strong></span> <span class='ocrx_word' id='word_1_281' title='bbox 2278 2234 2346 2287; x_wconf 90' lang='lat' dir='ltr'><strong>Et</strong></span> <span class='ocrx_word' id='word_1_282' title='bbox 2377 2235 2589 2288; x_wconf 77' lang='lat' dir='ltr'><strong>Priver-</strong></span> 
     </span>
     <span class='ocr_line' id='line_1_50' title="bbox 1567 2312 2588 2384; baseline 0.005 -21"><span class='ocrx_word' id='word_1_283' title='bbox 1567 2329 1659 2364; x_wconf 85' lang='lat' dir='ltr'><strong>nas</strong></span> <span class='ocrx_word' id='word_1_284' title='bbox 1675 2329 1797 2382; x_wconf 74' lang='lat' dir='ltr'><strong>ager</strong></span> <span class='ocrx_word' id='word_1_285' title='bbox 1811 2351 1826 2376; x_wconf 92' lang='lat'><strong>,</strong></span> <span class='ocrx_word' id='word_1_286' title='bbox 1843 2325 1896 2368; x_wconf 88' lang='lat' dir='ltr'><strong>et</strong></span> <span class='ocrx_word' id='word_1_287' title='bbox 1907 2312 2268 2366; x_wconf 82' lang='lat' dir='ltr'><strong>veliterninus</strong></span> <span class='ocrx_word' id='word_1_288' title='bbox 2279 2352 2296 2378; x_wconf 92' lang='lat'><strong>,</strong></span> <span class='ocrx_word' id='word_1_289' title='bbox 2317 2312 2588 2384; x_wconf 87' lang='lat' dir='ltr'><strong>hodieque</strong></span> 
     </span>
     <span class='ocr_line' id='line_1_51' title="bbox 1566 2391 2590 2458; baseline 0.003 -15"><span class='ocrx_word' id='word_1_290' title='bbox 1566 2391 1680 2443; x_wconf 79' lang='lat' dir='ltr'><strong>vini</strong></span> <span class='ocrx_word' id='word_1_291' title='bbox 1712 2391 1881 2456; x_wconf 78' lang='lat' dir='ltr'><strong>ferax,</strong></span> <span class='ocrx_word' id='word_1_292' title='bbox 1912 2405 2043 2445; x_wconf 83' lang='lat' dir='ltr'><strong>teste</strong></span> <span class='ocrx_word' id='word_1_293' title='bbox 2073 2392 2262 2446; x_wconf 83' lang='lat' dir='ltr'><strong>Baccio</strong></span> <span class='ocrx_word' id='word_1_294' title='bbox 2281 2431 2298 2456; x_wconf 94' lang='lat'><strong>,</strong></span> <span class='ocrx_word' id='word_1_295' title='bbox 2343 2393 2440 2446; x_wconf 86' lang='lat' dir='ltr'><strong>lib.</strong></span> <span class='ocrx_word' id='word_1_296' title='bbox 2475 2395 2590 2458; x_wconf 81' lang='lat' dir='ltr'><strong>vl,</strong></span> 
     </span>
     <span class='ocr_line' id='line_1_52' title="bbox 1567 2470 2590 2541; baseline 0.005 -19"><span class='ocrx_word' id='word_1_297' title='bbox 1567 2487 1682 2540; x_wconf 75' lang='lat' dir='ltr'><strong>pag.</strong></span> <span class='ocrx_word' id='word_1_298' title='bbox 1712 2473 1820 2541; x_wconf 82' lang='lat'><strong>287</strong></span> <span class='ocrx_word' id='word_1_299' title='bbox 1849 2483 1905 2523; x_wconf 89' lang='lat' dir='ltr'><strong>et</strong></span> <span class='ocrx_word' id='word_1_300' title='bbox 1929 2474 2060 2539; x_wconf 69' lang='lat'><strong>³89·</strong></span> <span class='ocrx_word' id='word_1_301' title='bbox 2088 2470 2412 2526; x_wconf 67' lang='lat' dir='ltr'><strong>Privernatis·</strong></span> <span class='ocrx_word' id='word_1_302' title='bbox 2441 2491 2590 2526; x_wconf 84' lang='lat' dir='ltr'><strong>com·</strong></span> 
     </span>
     <span class='ocr_line' id='line_1_53' title="bbox 1569 2548 2586 2621; baseline 0.004 -19"><span class='ocrx_word' id='word_1_303' title='bbox 1569 2548 1787 2612; x_wconf 76' lang='lat' dir='ltr'><strong>mendat</strong></span> <span class='ocrx_word' id='word_1_304' title='bbox 1819 2549 2055 2604; x_wconf 84' lang='lat' dir='ltr'><strong>Galenus</strong></span> <span class='ocrx_word' id='word_1_305' title='bbox 2083 2550 2228 2621; x_wconf 77' lang='lat' dir='ltr'><strong>apud</strong></span> <span class='ocrx_word' id='word_1_306' title='bbox 2259 2550 2460 2606; x_wconf 75' lang='lat' dir='ltr'><strong>Athen.</strong></span> <span class='ocrx_word' id='word_1_307' title='bbox 2491 2553 2586 2606; x_wconf 85' lang='lat' dir='ltr'><strong>lib.</strong></span> 
     </span>
     <span class='ocr_line' id='line_1_54' title="bbox 1571 2630 2109 2699; baseline 0.004 -19"><span class='ocrx_word' id='word_1_308' title='bbox 1571 2631 1626 2692; x_wconf 90' lang='lat'><strong>1,</strong></span> <span class='ocrx_word' id='word_1_309' title='bbox 1652 2648 1770 2699; x_wconf 81' lang='lat' dir='ltr'><strong>pag.</strong></span> <span class='ocrx_word' id='word_1_310' title='bbox 1808 2634 1898 2684; x_wconf 77' lang='lat'><strong>26.</strong></span> <span class='ocrx_word' id='word_1_311' title='bbox 1927 2630 2109 2692; x_wconf 54' lang='lat' dir='ltr'><strong>Ham).</strong></span> 
     </span>
    </p>

    <p class='ocr_par' dir='ltr' id='par_1_16' title="bbox 1567 2709 2592 3652">
     <span class='ocr_line' id='line_1_55' title="bbox 1653 2709 2592 2780; baseline 0.002 -18"><span class='ocrx_word' id='word_1_312' title='bbox 1653 2709 1744 2762; x_wconf 84' lang='lat'><strong>33.</strong></span> <span class='ocrx_word' id='word_1_313' title='bbox 1777 2709 1929 2780; x_wconf 82' lang='lat' dir='ltr'><strong>Quod</strong></span> <span class='ocrx_word' id='word_1_314' title='bbox 1951 2709 2137 2780; x_wconf 72' lang='lat' dir='ltr'><strong>Sigm&#39;oe</strong></span> <span class='ocrx_word' id='word_1_315' title='bbox 2165 2713 2405 2775; x_wconf 67' lang='lat' dir='ltr'><strong>nascitur,</strong></span> <span class='ocrx_word' id='word_1_316' title='bbox 2437 2723 2592 2768; x_wconf 74' lang='lat' dir='ltr'><strong>auste-</strong></span> 
     </span>
     <span class='ocr_line' id='line_1_56' title="bbox 1570 2787 2588 2862; baseline 0.006 -24"><span class='ocrx_word' id='word_1_317' title='bbox 1570 2790 1713 2840; x_wconf 75' lang='lat' dir='ltr'><strong>ritate</strong></span> <span class='ocrx_word' id='word_1_318' title='bbox 1737 2793 1884 2846; x_wconf 76' lang='lat' dir='ltr'><strong>m&#39;mia</strong></span> <span class='ocrx_word' id='word_1_319' title='bbox 1900 2827 1918 2853; x_wconf 91' lang='lat'><strong>,</strong></span> <span class='ocrx_word' id='word_1_320' title='bbox 1943 2800 2044 2842; x_wconf 87' lang='lat' dir='ltr'><strong>etc.</strong></span> <span class='ocrx_word' id='word_1_321' title='bbox 2073 2787 2328 2852; x_wconf 74' lang='lat' dir='ltr'><strong>Martialis</strong></span> <span class='ocrx_word' id='word_1_322' title='bbox 2347 2807 2588 2862; x_wconf 89' lang='lat' dir='ltr'><strong>quoque,</strong></span> 
     </span>
     <span class='ocr_line' id='line_1_57' title="bbox 1571 2867 2590 2942; baseline 0.003 -23"><span class='ocrx_word' id='word_1_323' title='bbox 1571 2867 1666 2920; x_wconf 88' lang='lat' dir='ltr'><strong>lib.</strong></span> <span class='ocrx_word' id='word_1_324' title='bbox 1686 2869 1846 2934; x_wconf 82' lang='lat' dir='ltr'><strong>XIII,</strong></span> <span class='ocrx_word' id='word_1_325' title='bbox 1869 2869 2179 2942; x_wconf 75' lang='lat' dir='ltr'><strong>epigramm.</strong></span> <span class='ocrx_word' id='word_1_326' title='bbox 2197 2887 2322 2932; x_wconf 70' lang='lat' dir='ltr'><strong>pavr</strong></span> <span class='ocrx_word' id='word_1_327' title='bbox 2343 2886 2359 2922; x_wconf 75' lang='grc' dir='ltr'><em>τ</em></span> <span class='ocrx_word' id='word_1_328' title='bbox 2387 2895 2410 2918; x_wconf 73' lang='grc' dir='ltr'>ι</span> <span class='ocrx_word' id='word_1_329' title='bbox 2431 2869 2590 2924; x_wconf 83' lang='lat' dir='ltr'><strong>Pota·</strong></span> 
     </span>
     <span class='ocr_line' id='line_1_58' title="bbox 1571 2945 2592 3020; baseline 0.004 -21"><span class='ocrx_word' id='word_1_330' title='bbox 1571 2945 1653 2998; x_wconf 83' lang='lat' dir='ltr'><strong>bis</strong></span> <span class='ocrx_word' id='word_1_331' title='bbox 1673 2947 1934 3020; x_wconf 80' lang='lat' dir='ltr'><strong>liquidum</strong></span> <span class='ocrx_word' id='word_1_332' title='bbox 1956 2946 2174 3018; x_wconf 73' lang='lat' dir='ltr'><strong>Signina</strong></span> <span class='ocrx_word' id='word_1_333' title='bbox 2191 2949 2451 3002; x_wconf 77' lang='lat' dir='ltr'><strong>morantia</strong></span> <span class='ocrx_word' id='word_1_334' title='bbox 2465 2968 2592 3002; x_wconf 80' lang='lat' dir='ltr'><strong>ven·</strong></span> 
     </span>
     <span class='ocr_line' id='line_1_59' title="bbox 1569 3027 2590 3093; baseline 0.004 -15"><span class='ocrx_word' id='word_1_335' title='bbox 1569 3039 1738 3093; x_wconf 80' lang='lat' dir='ltr'><strong>trem;</strong></span> <span class='ocrx_word' id='word_1_336' title='bbox 1781 3028 1862 3080; x_wconf 88' lang='lat' dir='ltr'><strong>Ne</strong></span> <span class='ocrx_word' id='word_1_337' title='bbox 1897 3027 2128 3080; x_wconf 84' lang='lat' dir='ltr'><strong>nimium</strong></span> <span class='ocrx_word' id='word_1_338' title='bbox 2164 3027 2369 3093; x_wconf 75' lang='lat' dir='ltr'><strong>sistant,</strong></span> <span class='ocrx_word' id='word_1_339' title='bbox 2395 3028 2462 3082; x_wconf 85' lang='lat' dir='ltr'><strong>sit</strong></span> <span class='ocrx_word' id='word_1_340' title='bbox 2491 3029 2590 3082; x_wconf 81' lang='lat' dir='ltr'><strong>tihi</strong></span> 
     </span>
     <span class='ocr_line' id='line_1_60' title="bbox 1568 3097 2588 3176; baseline 0.002 -18"><span class='ocrx_word' id='word_1_341' title='bbox 1568 3123 1732 3176; x_wconf 86' lang='lat' dir='ltr'><strong>parca</strong></span> <span class='ocrx_word' id='word_1_342' title='bbox 1759 3108 1886 3160; x_wconf 82' lang='lat' dir='ltr'><strong>sitis.</strong></span> <span class='ocrx_word' id='word_1_343' title='bbox 1899 3097 1937 3154; x_wconf 76' lang='lat'><strong>»⁴</strong></span> <span class='ocrx_word' id='word_1_344' title='bbox 1957 3107 2139 3160; x_wconf 81' lang='lat' dir='ltr'><strong>Celsus</strong></span> <span class='ocrx_word' id='word_1_345' title='bbox 2169 3106 2326 3172; x_wconf 87' lang='lat' dir='ltr'><strong>item,</strong></span> <span class='ocrx_word' id='word_1_346' title='bbox 2346 3106 2442 3162; x_wconf 84' lang='lat' dir='ltr'><strong>lib.</strong></span> <span class='ocrx_word' id='word_1_347' title='bbox 2469 3109 2550 3160; x_wconf 92' lang='lat' dir='ltr'><strong>1v</strong></span> <span class='ocrx_word' id='word_1_348' title='bbox 2569 3141 2588 3168; x_wconf 86' lang='lat'><strong>‚</strong></span> 
     </span>
     <span class='ocr_line' id='line_1_61' title="bbox 1569 3185 2588 3257; baseline 0.004 -20"><span class='ocrx_word' id='word_1_349' title='bbox 1569 3203 1688 3257; x_wconf 83' lang='lat' dir='ltr'><strong>cap.</strong></span> <span class='ocrx_word' id='word_1_350' title='bbox 1725 3185 1757 3238; x_wconf 82' lang='lat'><em>5</em></span> <span class='ocrx_word' id='word_1_351' title='bbox 1775 3224 1791 3251; x_wconf 92' lang='lat'><strong>,</strong></span> <span class='ocrx_word' id='word_1_352' title='bbox 1822 3185 1894 3239; x_wconf 86' lang='lat' dir='ltr'><strong>ad</strong></span> <span class='ocrx_word' id='word_1_353' title='bbox 1931 3185 2306 3240; x_wconf 82' lang='lat' dir='ltr'><strong>resolutionem</strong></span> <span class='ocrx_word' id='word_1_354' title='bbox 2329 3188 2588 3241; x_wconf 77' lang='lat' dir='ltr'><strong>stomachi</strong></span> 
     </span>
     <span class='ocr_line' id='line_1_62' title="bbox 1567 3261 2588 3335; baseline 0.004 -19"><span class='ocrx_word' id='word_1_355' title='bbox 1567 3261 1910 3329; x_wconf 81' lang='lat' dir='ltr'><strong>medendam,</strong></span> <span class='ocrx_word' id='word_1_356' title='bbox 1971 3266 2154 3323; x_wconf 80' lang='lat' dir='ltr'><strong>vinum</strong></span> <span class='ocrx_word' id='word_1_357' title='bbox 2188 3265 2463 3335; x_wconf 81' lang='lat' dir='ltr'><strong>Signinum</strong></span> <span class='ocrx_word' id='word_1_358' title='bbox 2516 3267 2588 3320; x_wconf 81' lang='lat' dir='ltr'><strong>ob</strong></span> 
     </span>
     <span class='ocr_line' id='line_1_63' title="bbox 1569 3341 2586 3414; baseline 0.004 -20"><span class='ocrx_word' id='word_1_359' title='bbox 1569 3341 1832 3414; x_wconf 73' lang='lat' dir='ltr'><strong>insignem</strong></span> <span class='ocrx_word' id='word_1_360' title='bbox 1848 3345 2208 3401; x_wconf 81' lang='lat' dir='ltr'><strong>austeritatem</strong></span> <span class='ocrx_word' id='word_1_361' title='bbox 2221 3343 2586 3400; x_wconf 79' lang='lat' dir='ltr'><strong>commendat:</strong></span> 
     </span>
     <span class='ocr_line' id='line_1_64' title="bbox 1569 3419 2588 3494; baseline 0.005 -20"><span class='ocrx_word' id='word_1_362' title='bbox 1569 3419 1837 3494; x_wconf 81' lang='lat' dir='ltr'><strong>hodieque</strong></span> <span class='ocrx_word' id='word_1_363' title='bbox 1867 3443 1928 3486; x_wconf 75' lang='lat' dir='ltr'><strong>ea</strong></span> <span class='ocrx_word' id='word_1_364' title='bbox 1958 3422 2036 3476; x_wconf 77' lang='lat' dir='ltr'><strong>vis</strong></span> <span class='ocrx_word' id='word_1_365' title='bbox 2063 3424 2116 3476; x_wconf 88' lang='lat' dir='ltr'><strong>ei</strong></span> <span class='ocrx_word' id='word_1_366' title='bbox 2145 3423 2274 3478; x_wconf 77' lang='lat' dir='ltr'><strong>vino</strong></span> <span class='ocrx_word' id='word_1_367' title='bbox 2303 3438 2414 3489; x_wconf 85' lang='lat' dir='ltr'><strong>est,</strong></span> <span class='ocrx_word' id='word_1_368' title='bbox 2458 3438 2588 3479; x_wconf 83' lang='lat' dir='ltr'><strong>teste</strong></span> 
     </span>
     <span class='ocr_line' id='line_1_65' title="bbox 1569 3501 2590 3582; baseline 0.006 -29"><span class='ocrx_word' id='word_1_369' title='bbox 1569 3501 1780 3568; x_wconf 79' lang='lat' dir='ltr'><strong>BacciO,</strong></span> <span class='ocrx_word' id='word_1_370' title='bbox 1811 3503 1905 3556; x_wconf 86' lang='lat' dir='ltr'><strong>lib.</strong></span> <span class='ocrx_word' id='word_1_371' title='bbox 1933 3504 2045 3568; x_wconf 80' lang='lat' dir='ltr'><strong>VI,</strong></span> <span class='ocrx_word' id='word_1_372' title='bbox 2069 3521 2190 3582; x_wconf 69' lang='lat' dir='ltr'><strong>pag.</strong></span> <span class='ocrx_word' id='word_1_373' title='bbox 2223 3505 2350 3573; x_wconf 67' lang='lat'><strong>⁸98·</strong></span> <span class='ocrx_word' id='word_1_374' title='bbox 2375 3503 2517 3564; x_wconf 83' lang='lat' dir='ltr'><strong>Vide</strong></span> <span class='ocrx_word' id='word_1_375' title='bbox 2535 3517 2590 3558; x_wconf 91' lang='lat' dir='ltr'><strong>et</strong></span> 
     </span>
     <span class='ocr_line' id='line_1_66' title="bbox 1570 3579 2588 3652; baseline 0.005 -18"><span class='ocrx_word' id='word_1_376' title='bbox 1570 3579 1696 3634; x_wconf 69' lang='lat' dir='ltr'><strong>col.</strong></span> <span class='ocrx_word' id='word_1_377' title='bbox 1725 3580 2079 3639; x_wconf 74' lang='lat' dir='ltr'><strong>Aurelianum</strong></span> <span class='ocrx_word' id='word_1_378' title='bbox 2095 3622 2112 3652; x_wconf 83' lang='lat'><strong>,</strong></span> <span class='ocrx_word' id='word_1_379' title='bbox 2143 3584 2348 3645; x_wconf 62' lang='lat' dir='ltr'><strong>lihlv,</strong></span> <span class='ocrx_word' id='word_1_380' title='bbox 2367 3601 2420 3636; x_wconf 89' lang='lat' dir='ltr'><strong>c.</strong></span> <span class='ocrx_word' id='word_1_381' title='bbox 2442 3584 2494 3638; x_wconf 83' lang='grc'><strong><em>3.</em></strong></span> <span class='ocrx_word' id='word_1_382' title='bbox 2517 3583 2588 3639; x_wconf 80' lang='grc' dir='ltr'><strong>Η.</strong></span> 
     </span>
    </p>

    <p class='ocr_par' dir='ltr' id='par_1_17' title="bbox 1569 3660 2592 4044">
     <span class='ocr_line' id='line_1_67' title="bbox 1653 3660 2590 3732; baseline 0.002 -18"><span class='ocrx_word' id='word_1_383' title='bbox 1653 3660 1747 3724; x_wconf 71' lang='grc'><strong>34.</strong></span> <span class='ocrx_word' id='word_1_384' title='bbox 1796 3662 2035 3732; x_wconf 74' lang='lat' dir='ltr'><strong>Quartum</strong></span> <span class='ocrx_word' id='word_1_385' title='bbox 2085 3661 2425 3719; x_wconf 67' lang='lat' dir='ltr'><strong>curticulam...</strong></span> <span class='ocrx_word' id='word_1_386' title='bbox 2461 3663 2590 3724; x_wconf 66' lang='lat' dir='ltr'><strong>obti-</strong></span> 
     </span>
     <span class='ocr_line' id='line_1_68' title="bbox 1570 3741 2590 3816; baseline 0.006 -26"><span class='ocrx_word' id='word_1_387' title='bbox 1570 3752 1851 3806; x_wconf 76' lang='lat' dir='ltr'><strong>nuaen,etc.</strong></span> <span class='ocrx_word' id='word_1_388' title='bbox 1867 3741 2134 3808; x_wconf 73' lang='lat' dir='ltr'><strong>Quartum</strong></span> <span class='ocrx_word' id='word_1_389' title='bbox 2150 3759 2344 3816; x_wconf 84' lang='lat' dir='ltr'><strong>nempe</strong></span> <span class='ocrx_word' id='word_1_390' title='bbox 2353 3742 2590 3796; x_wconf 82' lang='lat' dir='ltr'><strong>auetori-</strong></span> 
     </span>
     <span class='ocr_line' id='line_1_69' title="bbox 1569 3820 2592 3888; baseline 0.007 -18"><span class='ocrx_word' id='word_1_391' title='bbox 1569 3820 1692 3874; x_wconf 81' lang='lat' dir='ltr'><strong>tatis</strong></span> <span class='ocrx_word' id='word_1_392' title='bbox 1719 3838 1779 3872; x_wconf 84' lang='lat' dir='ltr'><strong>ac</strong></span> <span class='ocrx_word' id='word_1_393' title='bbox 1809 3821 2102 3876; x_wconf 77' lang='lat' dir='ltr'><strong>nobilitatis</strong></span> <span class='ocrx_word' id='word_1_394' title='bbox 2125 3821 2335 3876; x_wconf 85' lang='lat' dir='ltr'><strong>locum:</strong></span> <span class='ocrx_word' id='word_1_395' title='bbox 2361 3823 2430 3876; x_wconf 84' lang='lat' dir='ltr'><strong>ab</strong></span> <span class='ocrx_word' id='word_1_396' title='bbox 2453 3822 2592 3888; x_wconf 80' lang='lat' dir='ltr'><strong>auri·</strong></span> 
     </span>
     <span class='ocr_line' id='line_1_70' title="bbox 1570 3898 2588 3970; baseline 0.004 -20"><span class='ocrx_word' id='word_1_397' title='bbox 1570 3900 1650 3969; x_wconf 76' lang='lat' dir='ltr'><strong>gis</strong></span> <span class='ocrx_word' id='word_1_398' title='bbox 1666 3898 1825 3954; x_wconf 85' lang='lat' dir='ltr'><strong>ducta</strong></span> <span class='ocrx_word' id='word_1_399' title='bbox 1851 3900 2162 3970; x_wconf 75' lang='lat' dir='ltr'><strong>metaphora</strong></span> <span class='ocrx_word' id='word_1_400' title='bbox 2177 3903 2206 3966; x_wconf 77' lang='lat'><strong>,&#39;</strong></span> <span class='ocrx_word' id='word_1_401' title='bbox 2233 3901 2326 3970; x_wconf 86' lang='lat' dir='ltr'><strong>qui</strong></span> <span class='ocrx_word' id='word_1_402' title='bbox 2345 3921 2508 3970; x_wconf 77' lang='lat' dir='ltr'><strong>curru</strong></span> <span class='ocrx_word' id='word_1_403' title='bbox 2531 3903 2588 3954; x_wconf 83' lang='lat' dir='ltr'><strong>in</strong></span> 
     </span>
     <span class='ocr_line' id='line_1_71' title="bbox 1571 3975 2254 4044; baseline -0.003 -10"><span class='ocrx_word' id='word_1_404' title='bbox 1571 3979 1730 4034; x_wconf 86' lang='lat' dir='ltr'><strong>Circo</strong></span> <span class='ocrx_word' id='word_1_405' title='bbox 1760 3979 2049 4044; x_wconf 74' lang='lat' dir='ltr'><strong>certabant.</strong></span> <span class='ocrx_word' id='word_1_406' title='bbox 2077 3975 2254 4034; x_wconf 67' lang='lat' dir='ltr'><strong>Esau.</strong></span> 
     </span>
    </p>
   </div>
  </div>
 </body>
</html>
