2850 4684
435 331 594 417 654
1179 334 1718 405 EXCURSUS
1768 336 1825 403 1.

511 465 694 520 Tertia
725 464 924 535 species
939 504 956 529 ,
986 464 1230 529 Quercus
1249 466 1534 537 pubescens,
1572 484 1741 538 quum
1792 467 1847 519 in
1893 466 2003 521 sola
2035 466 2148 523 fere
2175 468 2349 523 Gallis
2378 488 2571 541 prove·

433 550 544 603 nist
563 583 578 606 .
614 544 904 599 Veteribus
947 544 1212 614 incognita
1255 546 1371 599 fuit.
1406 546 1618 601 Clusius
1658 546 1865 617 primus
1904 565 2019 601 eam
2048 548 2268 603 nomine
2294 550 2501 603 Roboris
2524 552 2571 603 1.

436 630 509 682 ita
539 624 866 695 designavit:
893 624 1122 677 Humilis
1147 625 1315 678 frutex
1333 666 1350 692 ,
1375 626 1629 679 contortis
1654 626 1848 692 ramis,
1880 626 2020 679 foliis
2049 630 2220 700 magis
2244 630 2473 683 sinuosis
2516 643 2571 683 et

436 706 614 762 incisis
637 724 798 776 quam
834 722 1089 775 quercus,
1113 722 1212 757 nec
1236 704 1308 757 ita
1329 705 1610 770 viridibus,
1631 704 1725 759 sed
1751 722 1927 759 aversa
1954 718 2107 777 parte
2128 708 2570 779 pubescentibus.

437 790 500 842 In
537 784 818 855 Aquitania
855 784 1086 837 maxime
1120 784 1451 855 frequentem
1500 804 1608 839 esse
1638 776 1738 853 (1).

517 865 769 935 Sequitur
803 862 873 916 de
917 863 986 916 Ce
986 884 1066 915 rro
1111 882 1324 928 sermo,
1360 884 1521 936 quam
1568 863 1785 937 quidem
1825 865 2069 918 arborem
2117 886 2148 918 a
2196 866 2571 939 Theophrasto

436 948 672 1019 primum
708 944 950 1014 ἁλιφλοίου
997 944 1216 997 nomine
1254 941 1571 1016 descriptam
1629 962 1739 997 esse
1787 963 1909 997 cum
1960 944 2215 999 Salmasio
2260 966 2571 1019 persuasum

434 1026 608 1079 habeo
631 1015 732 1090 (s).
773 1023 968 1076 Merito
1002 1034 1142 1077 taxat
1173 1040 1299 1088 eos,
1338 1025 1432 1096 qui
1458 1025 1695 1093 ἆλίφλοιον
1720 1025 2055 1077 saisiant-eicere
2093 1038 2393 1091 vertemnt,
2420 1028 2571 1099 quasi

437 1107 522 1167 ἃλς
576 1103 930 1173 intelligatur.
984 1120 1150 1173 quum
1207 1102 1378 1173 ipsum
1423 1103 1781 1176 Theophrasti
1821 1102 2280 1171 additamentum,
2320 1107 2571 1161 arborem

435 1182 678 1239 eamdem
718 1195 772 1236 et
798 1183 1006 1253 εὔφλοιον
1031 1182 1290 1255 appellari
1313 1222 1329 1249 ,
1365 1184 1489 1237 satis
1514 1182 1729 1248 docent,
1768 1183 1836 1238 ab
1884 1184 1988 1246 ἅλις
2016 1188 2135 1236 satis
2179 1203 2291 1241 esse
2320 1184 2575 1241 derivan-

435 1264 584 1319 dum.
613 1260 848 1317 Caudice
883 1263 1039 1316 etiam
1076 1260 1308 1333 gaudere
1346 1263 1585 1334 ἁλίφλοιον
1612 1282 1786 1317 crasso
1812 1277 1866 1317 et
1894 1264 2149 1335 fungoso,
2170 1266 2257 1319 οὐκ.
2290 1262 2539 1337 inustis-s
2556 1306 2575 1331 ,

435 1346 686 1416 lignoque
719 1342 828 1395 hoc
863 1353 916 1394 et
959 1342 1139 1395 AEoles
1163 1361 1274 1395 non
1309 1341 1375 1397 ad
1417 1341 1763 1397 cremandum
1810 1344 1891 1397 uti
1914 1338 2016 1405 (3).
2046 1342 2323 1399 Materiem
2356 1364 2574 1417 quoque

437 1428 550 1494 eius
579 1422 792 1477 arboris
829 1420 1004 1493 rejicit
1048 1422 1358 1489 Vitruvius,
1470 1422 1543 1475 od
1576 1422 1761 1495 pervia
1810 1423 2025 1477 raritate
2066 1423 2319 1479 humores
2361 1426 2577 1496 penitus

429 1486 742 1576 recipiendo
774 1500 1018 1556 celeriter
1047 1515 1328 1557 marcescat
1349 1441 1469 1571 (ἃ,
1488 1504 1629 1557 Beue
1672 1520 1893 1574 quoque
1920 1502 2219 1557 observavit
2244 1503 2452 1559 Plinius
2486 1523 2575 1559 ca·-

430 1586 551 1655 lyce
575 1584 712 1637 hanc
733 1581 965 1653 speciem
986 1579 1240 1653 distingui
1274 1582 1501 1635 horrido
1516 1622 1535 1647 ,
1567 1583 1809 1637 echinato
1831 1623 1847 1647 ,
1874 1601 1973 1635 ceu
1998 1596 2251 1637 castaneo
2267 1576 2373 1653 (5).

512 1664 732 1735 Optime
765 1661 984 1733 quidem
1027 1661 1166 1715 hanc
1220 1661 1450 1733 speciem
1502 1662 1639 1716 inter
1682 1662 2005 1717 recentiores
2046 1662 2251 1732 primus
2291 1662 2579 1735 descripsit

435 1744 646 1800 Clusius
669 1778 683 1801 ‚
724 1742 782 1795 in
819 1758 884 1793 eo
925 1754 1098 1794 tamen
1141 1741 1371 1806 fallitur,
1408 1740 1560 1812 quod
1606 1742 1857 1811 αἰγίλωπα
1894 1742 2153 1795 Veterum
2183 1742 2398 1799 habe-t.
2438 1746 2577 1815 Αἰγί-

434 1832 564 1877 λωπι
601 1823 746 1875 enim
773 1821 1046 1875 materiem
1073 1820 1429 1877 firmissimam
1464 1818 1733 1890 adjudicat
1757 1822 2188 1893 Theophrastus,
2218 1840 2371 1877 cei-ro
2394 1836 2575 1877 autem

439 1902 636 1973 fragilis
671 1914 751 1955 est
779 1912 832 1953 et
857 1900 965 1953 cito
997 1918 1336 1955 marcescens.
1361 1900 1697 1971 Cetei-oquin
1732 1901 1946 1955 Clusius
1968 1901 2225 1957 corticem
2255 1902 2417 1957 habet
2434 1904 2575 1957 cerri

437 1982 746 2039 crassiorem
781 1993 834 2033 et
872 1980 1126 2034 scabrum
1151 2001 1166 2043 ς
1207 1980 1330 2032 folia
1363 1980 1817 2051 frequentioribus
1856 1980 2102 2037 incisuris
2120 2018 2135 2046 ,
2162 1978 2255 2035 sed
2298 1983 2477 2036 minus
2500 1983 2577 2036 al·

441 2064 536 2126 tis,
586 2061 752 2115 divisa
773 2099 789 2123 ,
824 2076 888 2112 ac
923 2058 1255 2130 longioribus
1304 2059 1517 2130 petiolis
1566 2058 1917 2125 adhaerentis,
1964 2078 2125 2132 quam
2176 2060 2233 2113 iu
2270 2063 2577 2132 quercubus

441 2140 766 2212 vulgaribus.
820 2140 1072 2193 Ramulos
1127 2156 1237 2191 esse
1287 2140 1561 2195 breviores
1577 2178 1593 2204 ,
1640 2139 2092 2209 frequentioribus
2144 2138 2301 2195 nodis
2340 2142 2570 2196 obsitos.

439 2238 671 2291 gemmas
711 2218 946 2273 minores
970 2231 1024 2272 et
1047 2217 1251 2288 aliquot
1277 2218 1564 2289 gracilibus
1598 2218 1824 2283 foliolis,
1855 2238 1953 2273 ceu
1990 2219 2299 2273 staminibus
2320 2233 2415 2273 aut
2438 2220 2575 2275 villis

441 2311 613 2369 septas
637 2315 650 2349 ε
677 2295 926 2351 caliculos
967 2296 1266 2361 breviores,
1321 2314 1602 2367 crassoque
1651 2296 1900 2368 pediculo
1932 2297 2201 2353 annotinis
2230 2300 2453 2355 ramulis
2482 2318 2573 2355 ω-

439 2380 722 2441 herentes,
768 2374 990 2427 omnino
1018 2372 1262 2445 hispidos
1291 2389 1343 2430 et
1388 2377 1621 2431 molliter
1654 2377 1956 2442 echinatos,
1990 2378 2047 2431 in
2086 2378 2281 2449 quibus
2318 2379 2387 2433 sit
2428 2380 2575 2451 glans

437 2475 640 2531 querna
676 2454 897 2509 bmvior
930 2466 984 2509 et
1005 2455 1268 2509 obtusiori
1293 2474 1549 2511 mucrone
1582 2454 1827 2527 praedita.
1861 2456 2139 2513 Mater-iem
2162 2475 2273 2513 esse
2296 2458 2574 2513 candidio-

437 2556 588 2603 rem,
623 2535 879 2591 laxiorem
904 2548 958 2588 et
987 2533 1056 2588 ad
1089 2554 1252 2606 opera
1279 2536 1459 2591 minus
1480 2549 1656 2609 aptam
1677 2532 1779 2599 (6).

519 2617 690 2669 Aliam
717 2616 1087 2687 egregiamque
1116 2613 1274 2686 hujus
1310 2616 1515 2669 arboris
1552 2614 1966 2688 descriptionem
1992 2616 2215 2688 legimus
2234 2586 2381 2688 apud
2399 2617 2572 2669 Tour-

443 2698 764 2759 nefortium,
789 2696 882 2766 qui
908 2696 1170 2763 ἀνωνύμοις
1201 2713 1316 2747 eam
1340 2696 1685 2749 observavit
1670 2714 1725 2748 m
1750 2696 1974 2751 vallibus
1991 2714 2162 2767 prope
2187 2698 2459 2768 Angoram
2474 2692 2571 2765 (7).

517 2777 660 2830 Huic
681 2776 862 2830 arbori
898 2776 1156 2847 gallarum
1187 2792 1280 2827 seu
1311 2775 1713 2829 tuber-culorum
1732 2794 1895 2847 ,quas
1935 2775 2144 2847 Cynips
2174 2777 2405 2843 excitat,
2431 2786 2573 2828 tanta

437 2856 632 2912 insidet
676 2855 864 2927 copia,
907 2868 970 2907 ut
1007 2854 1247 2908 ramulus
1275 2854 1364 2907 vix
1414 2855 1645 2925 palmam
1690 2873 1973 2925 superans,
2026 2872 2218 2908 novem
2260 2856 2346 2908 vel
2388 2853 2571 2908 decem

438 2934 698 3007 ejusmodi
734 2934 1025 2988 tuberculis
1049 2934 1248 2987 obsitus
1286 2934 1585 3005 reperiatur
1606 2929 1706 2998 (8).
1738 2932 2006 2988 Videntur
2052 2948 2227 2989 tamen
2274 2934 2573 3009 praestantia

441 3016 582 3070 vinci
619 3016 687 3068 ab
715 3014 780 3067 iis
804 3012 980 3085 gallis,
1010 3031 1128 3085 quo
1161 3012 1370 3085 aegilopi
1401 3012 1656 3067 insident.

515 3097 755 3162 Quercus
783 3094 1016 3165 AEga’lops
1037 3132 1054 3156 ‚
1111 3092 1375 3147 Velanedoe
1405 3095 1625 3147 nomine
1667 3112 1765 3164 per
1808 3106 1982 3147 totum
2026 3092 2303 3148 Orientem
2346 3094 2573 3149 celebra·

441 3190 494 3231 ta
515 3213 532 3240 ,
575 3174 632 3225 in
665 3172 917 3244 Hispania
963 3172 1182 3240 Quere'go
1219 3174 1510 3243 appellata,
1540 3173 1769 3244 optimas
1809 3172 2118 3245 praeducere
2158 3174 2317 3245 galles
2344 3172 2574 3228 videtur.

441 3253 772 3311 Adfer-untur
822 3262 999 3308 autem
1039 3270 1113 3305 eae
1146 3250 1309 3307 hodie
1358 3271 1422 3307 ex
1460 3253 1669 3309 Mosule
1687 3290 1710 3317 .
1742 3255 1889 3325 juxta
1930 3250 2207 3325 Tigridem
2226 3292 2242 3319 ,
2274 3254 2538 3325 Aleppum
2558 3292 2574 3319 ‚

499 3451 572 3514 (ι)
599 3450 710 3497 aar.
733 3446 867 3509 stirp.
886 3447 1050 3497 histor.
1067 3448 1152 3497 lib.
1180 3451 1200 3496 1
1220 3484 1233 3505 ,
1255 3466 1298 3496 o.
1323 3450 1380 3498 13
1399 3484 1414 3505 ,
1436 3467 1483 3513 p.
1508 3451 1580 3499 [Β.

499 3528 570 3591 (α)
601 3524 790 3571 Salmas.
815 3520 1012 3569 Plinian.
1043 3526 1229 3571 exercit.
1252 3542 1301 3587 p.
1326 3524 1434 3573 236.

499 3600 569 3664 (3)
601 3600 718 3645 nint.
741 3596 888 3659 plant.
918 3596 1001 3643 lib.
1024 3599 1122 3653 m,
1153 3615 1196 3645 c.
1227 3614 1287 3661 9,
1312 3616 1359 3661 p.
1384 3600 1459 3646 50.

500 3676 570 3737 (4)
599 3670 956 3719 Architect.·tib.
979 3674 1048 3727 11,
1069 3689 1109 3719 c.
1134 3688 1192 3736 9,
1221 3690 1270 3735 p.
1291 3675 1366 3721 33.

497 3750 569 3813 (5)
599 3746 704 3795 Lib.
729 3748 866 3803 xvi,
885 3764 930 3795 c.
946 3746 992 3795 6.

501 3824 573 3889 (6)
599 3824 726 3872 Clns.
761 3836 854 3868 rar.
880 3824 1015 3886 stirp.
1033 3824 1150 3870 nist.
1177 3824 1262 3869 lib.
1283 3825 1334 3877 1,
1353 3839 1396 3870 c.
1425 3821 1507 3877 13.
1530 3842 1577 3888 p.
1597 3840 1673 3871 ao.

497 3900 567 3961 (7)
595 3896 809 3945 Relatiou
832 3896 942 3944 d'un
967 3912 1148 3959 voyage
1167 3898 1232 3945 du
1255 3899 1461 3953 Levant,
1480 3899 1571 3947 vol.
1608 3900 1675 3945 m
1690 3934 1703 3955 ,
1730 3914 1780 3961 p.
1808 3914 1912 3961 ²97·

497 3976 570 4039 (8)
601 3974 723 4021 clus.
751 3974 779 4019 Ι.
804 3989 847 4019 c.
875 3972 949 4021 Cf.
973 3976 1182 4033 Mnrray,
1205 3974 1427 4035 Apparat.
1450 3974 1693 4021 medicam.
1722 3974 1817 4021 vol.
1838 3978 1875 4031 1,
1906 3992 1951 4037 p.
1988 3984 2100 4031 104,
2128 3992 2162 4021 s.
2189 3976 2265 4023 ed.
2282 3974 2460 4023 sithoc.
