<?xml version="1.0" encoding="UTF-8"?>
<!DOCTYPE html PUBLIC "-//W3C//DTD XHTML 1.0 Transitional//EN"
    "http://www.w3.org/TR/xhtml1/DTD/xhtml1-transitional.dtd">
<html xmlns="http://www.w3.org/1999/xhtml" xml:lang="en" lang="en">
 <head>
  <title>
</title>
<meta http-equiv="Content-Type" content="text/html;charset=utf-8" />
  <meta name='ocr-system' content='tesseract 3.04.00' />
  <meta name='ocr-capabilities' content='ocr_page ocr_carea ocr_par ocr_line ocrx_word'/>
</head>
<body>
  <div class='ocr_page' id='page_1' title='image "./historiaenatura00delagoog_0256.png"; bbox 0 0 2850 4684; ppageno 0'>
   <div class='ocr_carea' id='block_1_1' title="bbox 972 320 2366 441">
    <p class='ocr_par' dir='ltr' id='par_1_1' title="bbox 972 320 2366 441">
     <span class='ocr_line' id='line_1_1' title="bbox 972 320 2366 441; baseline 0.006 -22"><span class='ocrx_word' id='word_1_1' title='bbox 972 320 1520 433; x_wconf 68' lang='lat' dir='ltr'><strong>ExcURsth</strong></span> <span class='ocrx_word' id='word_1_2' title='bbox 1569 356 1624 421; x_wconf 91' lang='lat'><strong>1.</strong></span> <span class='ocrx_word' id='word_1_3' title='bbox 2233 354 2366 441; x_wconf 75' lang='lat'><strong>245</strong></span> 
     </span>
    </p>
   </div>
   <div class='ocr_carea' id='block_1_2' title="bbox 244 470 2374 1899">
    <p class='ocr_par' dir='ltr' id='par_1_2' title="bbox 244 470 2372 785">
     <span class='ocr_line' id='line_1_2' title="bbox 244 470 2372 558; baseline 0.003 -24"><span class='ocrx_word' id='word_1_4' title='bbox 244 483 413 547; x_wconf 69' lang='lat' dir='ltr'><strong>facta,</strong></span> <span class='ocrx_word' id='word_1_5' title='bbox 434 478 605 533; x_wconf 76' lang='lat' dir='ltr'><strong>tradit</strong></span> <span class='ocrx_word' id='word_1_6' title='bbox 632 478 915 533; x_wconf 78' lang='lat' dir='ltr'><strong>Pausanias</strong></span> <span class='ocrx_word' id='word_1_7' title='bbox 951 470 1057 550; x_wconf 85' lang='lat'><strong>(1).</strong></span> <span class='ocrx_word' id='word_1_8' title='bbox 1088 480 1524 535; x_wconf 70' lang='lat' dir='ltr'><strong>Celebratioeimoe</strong></span> <span class='ocrx_word' id='word_1_9' title='bbox 1555 500 1768 553; x_wconf 86' lang='lat' dir='ltr'><strong>quoque</strong></span> <span class='ocrx_word' id='word_1_10' title='bbox 1793 498 1942 538; x_wconf 81' lang='lat' dir='ltr'><strong>erant</strong></span> <span class='ocrx_word' id='word_1_11' title='bbox 1973 486 2116 539; x_wconf 69' lang='lat' dir='ltr'><strong>tibin</strong></span> <span class='ocrx_word' id='word_1_12' title='bbox 2149 506 2212 540; x_wconf 80' lang='lat' dir='ltr'><strong>ec</strong></span> <span class='ocrx_word' id='word_1_13' title='bbox 2241 488 2372 558; x_wconf 74' lang='lat' dir='ltr'><strong>lyroe</strong></span> 
     </span>
     <span class='ocr_line' id='line_1_3' title="bbox 246 554 2368 639; baseline 0.002 -25"><span class='ocrx_word' id='word_1_14' title='bbox 246 561 425 615; x_wconf 65' lang='lat' dir='ltr'><strong>locine</strong></span> <span class='ocrx_word' id='word_1_15' title='bbox 444 599 461 626; x_wconf 89' lang='lat'>‚</span> <span class='ocrx_word' id='word_1_16' title='bbox 490 579 617 631; x_wconf 67' lang='grc' dir='ltr'><strong>(με</strong></span> <span class='ocrx_word' id='word_1_17' title='bbox 646 557 1015 639; x_wconf 67' lang='lat' dir='ltr'><strong>Alexandrinis</strong></span> <span class='ocrx_word' id='word_1_18' title='bbox 1050 560 1287 631; x_wconf 74' lang='grc' dir='ltr'><strong>φώτιγγις</strong></span> <span class='ocrx_word' id='word_1_19' title='bbox 1314 560 1496 624; x_wconf 66' lang='lat' dir='ltr'><strong>dictae,</strong></span> <span class='ocrx_word' id='word_1_20' title='bbox 1537 561 1754 632; x_wconf 72' lang='lat' dir='ltr'><strong>optimoe</strong></span> <span class='ocrx_word' id='word_1_21' title='bbox 1787 564 2132 618; x_wconf 73' lang='lat' dir='ltr'><strong>censebantur</strong></span> <span class='ocrx_word' id='word_1_22' title='bbox 2159 554 2263 635; x_wconf 77' lang='lat'><strong>(2).</strong></span> <span class='ocrx_word' id='word_1_23' title='bbox 2290 568 2368 619; x_wconf 87' lang='lat' dir='ltr'><strong>Ex</strong></span> 
     </span>
     <span class='ocr_line' id='line_1_4' title="bbox 246 639 2372 712; baseline 0.001 -18"><span class='ocrx_word' id='word_1_24' title='bbox 246 639 431 694; x_wconf 83' lang='lat' dir='ltr'><strong>eodem</strong></span> <span class='ocrx_word' id='word_1_25' title='bbox 471 640 629 711; x_wconf 76' lang='lat' dir='ltr'><strong>ligno</strong></span> <span class='ocrx_word' id='word_1_26' title='bbox 669 640 807 693; x_wconf 80' lang='lat' dir='ltr'><strong>ensis</strong></span> <span class='ocrx_word' id='word_1_27' title='bbox 822 677 839 704; x_wconf 91' lang='lat'><em>‚</em></span> <span class='ocrx_word' id='word_1_28' title='bbox 872 657 981 709; x_wconf 88' lang='lat' dir='ltr'><strong>quo</strong></span> <span class='ocrx_word' id='word_1_29' title='bbox 1008 640 1254 693; x_wconf 86' lang='lat' dir='ltr'><strong>utebatur</strong></span> <span class='ocrx_word' id='word_1_30' title='bbox 1282 640 1563 707; x_wconf 77' lang='lat' dir='ltr'><strong>Hercules,</strong></span> <span class='ocrx_word' id='word_1_31' title='bbox 1603 641 1845 712; x_wconf 77' lang='lat' dir='ltr'><strong>vaginam</strong></span> <span class='ocrx_word' id='word_1_32' title='bbox 1882 644 2178 697; x_wconf 78' lang='lat' dir='ltr'><strong>confectam</strong></span> <span class='ocrx_word' id='word_1_33' title='bbox 2211 644 2372 699; x_wconf 70' lang='lat' dir='ltr'><strong>tradit</strong></span> 
     </span>
     <span class='ocr_line' id='line_1_5' title="bbox 245 707 1904 785; baseline 0.001 -12"><span class='ocrx_word' id='word_1_34' title='bbox 245 719 564 773; x_wconf 68' lang='lat' dir='ltr'><strong>&#39;l&#39;heooeitus</strong></span> <span class='ocrx_word' id='word_1_35' title='bbox 588 707 692 785; x_wconf 87' lang='grc'>(3).</span> <span class='ocrx_word' id='word_1_36' title='bbox 1897 752 1904 759; x_wconf 86' lang='lat'><strong>·</strong></span> 
     </span>
    </p>

    <p class='ocr_par' dir='ltr' id='par_1_3' title="bbox 244 788 2374 1265">
     <span class='ocr_line' id='line_1_6' title="bbox 324 788 2373 873; baseline 0.002 -22"><span class='ocrx_word' id='word_1_37' title='bbox 324 798 457 851; x_wconf 69' lang='lat' dir='ltr'><strong>Eum</strong></span> <span class='ocrx_word' id='word_1_38' title='bbox 479 798 733 850; x_wconf 75' lang='lat' dir='ltr'><strong>arborem</strong></span> <span class='ocrx_word' id='word_1_39' title='bbox 764 809 819 849; x_wconf 88' lang='lat' dir='ltr'><strong>et</strong></span> <span class='ocrx_word' id='word_1_40' title='bbox 844 798 1067 850; x_wconf 79' lang='lat' dir='ltr'><strong>Romani</strong></span> <span class='ocrx_word' id='word_1_41' title='bbox 1092 809 1295 851; x_wconf 78' lang='lat' dir='ltr'><strong>veteres</strong></span> <span class='ocrx_word' id='word_1_42' title='bbox 1324 798 1566 851; x_wconf 76' lang='lat' dir='ltr'><strong>colebant</strong></span> <span class='ocrx_word' id='word_1_43' title='bbox 1591 788 1701 865; x_wconf 70' lang='lat'>(4),</span> <span class='ocrx_word' id='word_1_44' title='bbox 1739 812 1792 851; x_wconf 88' lang='lat' dir='ltr'><strong>et</strong></span> <span class='ocrx_word' id='word_1_45' title='bbox 1819 802 2014 855; x_wconf 80' lang='lat' dir='ltr'><strong>nostris</strong></span> <span class='ocrx_word' id='word_1_46' title='bbox 2041 802 2373 873; x_wconf 75' lang='lat' dir='ltr'><strong>temporibus</strong></span> 
     </span>
     <span class='ocr_line' id='line_1_7' title="bbox 248 868 2374 946; baseline 0.002 -17"><span class='ocrx_word' id='word_1_47' title='bbox 248 877 435 931; x_wconf 71' lang='lat' dir='ltr'><strong>incolae</strong></span> <span class='ocrx_word' id='word_1_48' title='bbox 455 876 654 930; x_wconf 65' lang='lat' dir='ltr'><strong>Sicilia</strong></span> <span class='ocrx_word' id='word_1_49' title='bbox 679 877 969 930; x_wconf 73' lang='lat' dir='ltr'><strong>etiamnum</strong></span> <span class='ocrx_word' id='word_1_50' title='bbox 998 876 1178 930; x_wconf 85' lang='lat' dir='ltr'><strong>colunt</strong></span> <span class='ocrx_word' id='word_1_51' title='bbox 1206 868 1303 944; x_wconf 84' lang='lat'><strong>(5).</strong></span> <span class='ocrx_word' id='word_1_52' title='bbox 1328 876 1564 930; x_wconf 86' lang='lat' dir='ltr'>Nomine</span> <span class='ocrx_word' id='word_1_53' title='bbox 1594 878 1826 943; x_wconf 77' lang='lat' dir='ltr'><strong>Per-lam,</strong></span> <span class='ocrx_word' id='word_1_54' title='bbox 1851 899 1891 932; x_wconf 82' lang='lat' dir='ltr'><strong>s.</strong></span> <span class='ocrx_word' id='word_1_55' title='bbox 1923 882 2185 946; x_wconf 78' lang='lat' dir='ltr'><strong>Caccanw,</strong></span> <span class='ocrx_word' id='word_1_56' title='bbox 2207 900 2246 933; x_wconf 87' lang='lat' dir='ltr'><strong>s.</strong></span> <span class='ocrx_word' id='word_1_57' title='bbox 2267 882 2374 933; x_wconf 80' lang='lat' dir='ltr'><strong>Me-</strong></span> 
     </span>
     <span class='ocr_line' id='line_1_8' title="bbox 246 956 2374 1027; baseline 0.002 -19"><span class='ocrx_word' id='word_1_58' title='bbox 246 960 439 1009; x_wconf 72' lang='lat' dir='ltr'><strong>aeicneco</strong></span> <span class='ocrx_word' id='word_1_59' title='bbox 478 974 599 1009; x_wconf 76' lang='lat' dir='ltr'><strong>eam</strong></span> <span class='ocrx_word' id='word_1_60' title='bbox 638 956 787 1009; x_wconf 80' lang='lat' dir='ltr'><strong>Italis</strong></span> <span class='ocrx_word' id='word_1_61' title='bbox 826 967 1007 1009; x_wconf 75' lang='lat' dir='ltr'><strong>notam</strong></span> <span class='ocrx_word' id='word_1_62' title='bbox 1034 974 1147 1009; x_wconf 78' lang='lat' dir='ltr'><strong>esse</strong></span> <span class='ocrx_word' id='word_1_63' title='bbox 1175 994 1191 1017; x_wconf 90' lang='lat'>‚</span> <span class='ocrx_word' id='word_1_64' title='bbox 1230 956 1504 1027; x_wconf 78' lang='lat' dir='ltr'><strong>letumque</strong></span> <span class='ocrx_word' id='word_1_65' title='bbox 1543 975 1666 1009; x_wconf 86' lang='lat' dir='ltr'><strong>vere</strong></span> <span class='ocrx_word' id='word_1_66' title='bbox 1694 959 1948 1013; x_wconf 82' lang='lat' dir='ltr'><strong>Veterum</strong></span> <span class='ocrx_word' id='word_1_67' title='bbox 1994 958 2164 1012; x_wconf 86' lang='lat' dir='ltr'><strong>videri</strong></span> <span class='ocrx_word' id='word_1_68' title='bbox 2213 958 2374 1013; x_wconf 78' lang='lat' dir='ltr'><strong>tradit</strong></span> 
     </span>
     <span class='ocr_line' id='line_1_9' title="bbox 246 1024 2372 1107; baseline 0.001 -18"><span class='ocrx_word' id='word_1_69' title='bbox 246 1035 555 1089; x_wconf 69' lang='lat' dir='ltr'><strong>Dodonaeas</strong></span> <span class='ocrx_word' id='word_1_70' title='bbox 593 1024 711 1104; x_wconf 80' lang='lat'>(6),</span> <span class='ocrx_word' id='word_1_71' title='bbox 752 1047 807 1088; x_wconf 88' lang='lat' dir='ltr'><strong>et</strong></span> <span class='ocrx_word' id='word_1_72' title='bbox 840 1047 963 1106; x_wconf 83' lang='lat' dir='ltr'><strong>post</strong></span> <span class='ocrx_word' id='word_1_73' title='bbox 993 1052 1115 1088; x_wconf 89' lang='lat' dir='ltr'><strong>eum</strong></span> <span class='ocrx_word' id='word_1_74' title='bbox 1145 1035 1396 1088; x_wconf 81' lang='lat' dir='ltr'><strong>Lohelius</strong></span> <span class='ocrx_word' id='word_1_75' title='bbox 1427 1030 1510 1104; x_wconf 89' lang='lat'><strong>(7)</strong></span> <span class='ocrx_word' id='word_1_76' title='bbox 1533 1074 1548 1099; x_wconf 91' lang='lat'>,</span> <span class='ocrx_word' id='word_1_77' title='bbox 1589 1036 1684 1107; x_wconf 88' lang='lat' dir='ltr'><strong>qui</strong></span> <span class='ocrx_word' id='word_1_78' title='bbox 1723 1038 1776 1090; x_wconf 91' lang='lat' dir='ltr'><strong>in</strong></span> <span class='ocrx_word' id='word_1_79' title='bbox 1826 1039 2000 1092; x_wconf 74' lang='lat' dir='ltr'><strong>Gauia</strong></span> <span class='ocrx_word' id='word_1_80' title='bbox 2043 1039 2372 1093; x_wconf 79' lang='lat' dir='ltr'>Narbonensi</span> 
     </span>
     <span class='ocr_line' id='line_1_10' title="bbox 246 1109 2368 1189; baseline 0.002 -22"><span class='ocrx_word' id='word_1_81' title='bbox 246 1115 565 1167; x_wconf 71' lang='lat' dir='ltr'><strong>Mieoeoulier</strong></span> <span class='ocrx_word' id='word_1_82' title='bbox 592 1114 851 1185; x_wconf 74' lang='lat' dir='ltr'><strong>appellari</strong></span> <span class='ocrx_word' id='word_1_83' title='bbox 878 1115 1085 1167; x_wconf 79' lang='lat' dir='ltr'><strong>fatetur.</strong></span> <span class='ocrx_word' id='word_1_84' title='bbox 1114 1113 1409 1177; x_wconf 75' lang='lat' dir='ltr'><strong>Confirmat</strong></span> <span class='ocrx_word' id='word_1_85' title='bbox 1435 1113 1493 1166; x_wconf 88' lang='lat' dir='ltr'><strong>id</strong></span> <span class='ocrx_word' id='word_1_86' title='bbox 1513 1114 1720 1183; x_wconf 78' lang='lat' dir='ltr'><strong>disertis</strong></span> <span class='ocrx_word' id='word_1_87' title='bbox 1744 1118 1918 1171; x_wconf 78' lang='lat' dir='ltr'><strong>verbis</strong></span> <span class='ocrx_word' id='word_1_88' title='bbox 1941 1118 2220 1189; x_wconf 83' lang='lat' dir='ltr'><strong>Scopolius</strong></span> <span class='ocrx_word' id='word_1_89' title='bbox 2249 1109 2330 1187; x_wconf 85' lang='lat'><strong>(8)</strong></span> <span class='ocrx_word' id='word_1_90' title='bbox 2351 1156 2368 1182; x_wconf 86' lang='lat'>‚</span> 
     </span>
     <span class='ocr_line' id='line_1_11' title="bbox 244 1191 1779 1265; baseline 0.001 -19"><span class='ocrx_word' id='word_1_91' title='bbox 244 1195 523 1265; x_wconf 69' lang='lat' dir='ltr'><strong>ambigens</strong></span> <span class='ocrx_word' id='word_1_92' title='bbox 544 1207 719 1247; x_wconf 87' lang='lat' dir='ltr'><strong>tamen</strong></span> <span class='ocrx_word' id='word_1_93' title='bbox 744 1195 801 1246; x_wconf 87' lang='lat' dir='ltr'><strong>in</strong></span> <span class='ocrx_word' id='word_1_94' title='bbox 831 1191 1214 1264; x_wconf 68' lang='lat' dir='ltr'><strong>distinguendis</strong></span> <span class='ocrx_word' id='word_1_95' title='bbox 1232 1192 1328 1247; x_wconf 87' lang='lat' dir='ltr'><strong>loti</strong></span> <span class='ocrx_word' id='word_1_96' title='bbox 1348 1194 1464 1246; x_wconf 79' lang='lat' dir='ltr'><strong>aliis</strong></span> <span class='ocrx_word' id='word_1_97' title='bbox 1491 1194 1779 1265; x_wconf 72' lang='lat' dir='ltr'><strong>speciebus.</strong></span> 
     </span>
    </p>

    <p class='ocr_par' dir='ltr' id='par_1_4' title="bbox 248 1272 2374 1822">
     <span class='ocr_line' id='line_1_12' title="bbox 327 1272 2372 1347; baseline 0.001 -20"><span class='ocrx_word' id='word_1_98' title='bbox 327 1276 393 1327; x_wconf 84' lang='lat' dir='ltr'><strong>ln</strong></span> <span class='ocrx_word' id='word_1_99' title='bbox 420 1287 667 1327; x_wconf 73' lang='lat' dir='ltr'><strong>veterum</strong></span> <span class='ocrx_word' id='word_1_100' title='bbox 690 1272 1019 1325; x_wconf 87' lang='lat' dir='ltr'><strong>medicorum</strong></span> <span class='ocrx_word' id='word_1_101' title='bbox 1058 1272 1402 1325; x_wconf 82' lang='lat' dir='ltr'><strong>monimentis</strong></span> <span class='ocrx_word' id='word_1_102' title='bbox 1439 1286 1618 1327; x_wconf 83' lang='lat' dir='ltr'><strong>cortex</strong></span> <span class='ocrx_word' id='word_1_103' title='bbox 1653 1275 1978 1347; x_wconf 69' lang='lat' dir='ltr'><strong>propi-imis,</strong></span> <span class='ocrx_word' id='word_1_104' title='bbox 2005 1289 2066 1330; x_wconf 87' lang='lat' dir='ltr'><strong>ut</strong></span> <span class='ocrx_word' id='word_1_105' title='bbox 2091 1291 2142 1330; x_wconf 89' lang='lat' dir='ltr'><strong>et</strong></span> <span class='ocrx_word' id='word_1_106' title='bbox 2169 1278 2372 1330; x_wconf 84' lang='lat' dir='ltr'><strong>fructus</strong></span> 
     </span>
     <span class='ocr_line' id='line_1_13' title="bbox 248 1350 2374 1427; baseline 0.002 -22"><span class='ocrx_word' id='word_1_107' title='bbox 248 1352 407 1423; x_wconf 76' lang='lat' dir='ltr'><strong>hujus</strong></span> <span class='ocrx_word' id='word_1_108' title='bbox 436 1352 649 1407; x_wconf 81' lang='lat' dir='ltr'><strong>arboris</strong></span> <span class='ocrx_word' id='word_1_109' title='bbox 672 1350 988 1422; x_wconf 64' lang='lat' dir='ltr'><strong>pradicatur</strong></span> <span class='ocrx_word' id='word_1_110' title='bbox 1011 1350 1082 1405; x_wconf 84' lang='lat' dir='ltr'><strong>ad</strong></span> <span class='ocrx_word' id='word_1_111' title='bbox 1114 1352 1287 1406; x_wconf 83' lang='lat' dir='ltr'><strong>varios</strong></span> <span class='ocrx_word' id='word_1_112' title='bbox 1308 1370 1451 1405; x_wconf 74' lang='lat' dir='ltr'><strong>usus.</strong></span> <span class='ocrx_word' id='word_1_113' title='bbox 1479 1354 1744 1407; x_wconf 85' lang='lat' dir='ltr'><strong>Corticem</strong></span> <span class='ocrx_word' id='word_1_114' title='bbox 1783 1354 1850 1408; x_wconf 78' lang='lat' dir='ltr'><strong>ad</strong></span> <span class='ocrx_word' id='word_1_115' title='bbox 1880 1356 2184 1427; x_wconf 76' lang='lat' dir='ltr'><strong>suffumigia</strong></span> <span class='ocrx_word' id='word_1_116' title='bbox 2227 1374 2374 1409; x_wconf 88' lang='lat' dir='ltr'><strong>com·</strong></span> 
     </span>
     <span class='ocr_line' id='line_1_14' title="bbox 250 1426 2370 1507; baseline 0.002 -24"><span class='ocrx_word' id='word_1_117' title='bbox 250 1432 463 1485; x_wconf 83' lang='lat' dir='ltr'><strong>mendat</strong></span> <span class='ocrx_word' id='word_1_118' title='bbox 495 1429 891 1484; x_wconf 78' lang='lat' dir='ltr'><strong>Alexandrinus</strong></span> <span class='ocrx_word' id='word_1_119' title='bbox 910 1443 1096 1484; x_wconf 79' lang='lat' dir='ltr'><strong>auctor</strong></span> <span class='ocrx_word' id='word_1_120' title='bbox 1111 1470 1127 1496; x_wconf 88' lang='lat'>‚</span> <span class='ocrx_word' id='word_1_121' title='bbox 1154 1443 1219 1483; x_wconf 87' lang='lat' dir='ltr'><strong>ut</strong></span> <span class='ocrx_word' id='word_1_122' title='bbox 1243 1432 1522 1506; x_wconf 77' lang='lat' dir='ltr'><strong>conceptio</strong></span> <span class='ocrx_word' id='word_1_123' title='bbox 1549 1448 1924 1502; x_wconf 75' lang='lat' dir='ltr'><strong>promoveatur</strong></span> <span class='ocrx_word' id='word_1_124' title='bbox 1943 1426 2026 1505; x_wconf 89' lang='lat'><strong>(9)</strong></span> <span class='ocrx_word' id='word_1_125' title='bbox 2051 1453 2066 1489; x_wconf 78' lang='grc' dir='ltr'><em>τ</em></span> <span class='ocrx_word' id='word_1_126' title='bbox 2091 1436 2370 1507; x_wconf 75' lang='lat' dir='ltr'><strong>stypticam</strong></span> 
     </span>
     <span class='ocr_line' id='line_1_15' title="bbox 250 1508 2371 1581; baseline 0.001 -18"><span class='ocrx_word' id='word_1_127' title='bbox 250 1510 507 1565; x_wconf 82' lang='lat' dir='ltr'><strong>virtutem</strong></span> <span class='ocrx_word' id='word_1_128' title='bbox 522 1548 539 1572; x_wconf 82' lang='lat'><em>,</em></span> <span class='ocrx_word' id='word_1_129' title='bbox 568 1528 691 1581; x_wconf 66' lang='lat' dir='ltr'><strong>quo</strong></span> <span class='ocrx_word' id='word_1_130' title='bbox 719 1522 900 1565; x_wconf 86' lang='lat' dir='ltr'><strong>contra</strong></span> <span class='ocrx_word' id='word_1_131' title='bbox 928 1508 1099 1563; x_wconf 76' lang='lat' dir='ltr'><strong>fluxus</strong></span> <span class='ocrx_word' id='word_1_132' title='bbox 1134 1509 1381 1565; x_wconf 75' lang='lat' dir='ltr'><strong>inserviet</strong></span> <span class='ocrx_word' id='word_1_133' title='bbox 1410 1508 1724 1578; x_wconf 53' lang='lat' dir='ltr'><strong>muliebres.</strong></span> <span class='ocrx_word' id='word_1_134' title='bbox 1755 1513 2125 1579; x_wconf 74' lang='lat' dir='ltr'><strong>commendant</strong></span> <span class='ocrx_word' id='word_1_135' title='bbox 2153 1515 2371 1567; x_wconf 80' lang='lat' dir='ltr'><strong>Diosco-</strong></span> 
     </span>
     <span class='ocr_line' id='line_1_16' title="bbox 250 1580 2372 1665; baseline 0.002 -22"><span class='ocrx_word' id='word_1_136' title='bbox 250 1588 391 1643; x_wconf 86' lang='lat' dir='ltr'><strong>rides</strong></span> <span class='ocrx_word' id='word_1_137' title='bbox 414 1582 543 1659; x_wconf 82' lang='grc' dir='ltr'>(ιο)</span> <span class='ocrx_word' id='word_1_138' title='bbox 588 1602 643 1641; x_wconf 87' lang='lat' dir='ltr'><strong>et</strong></span> <span class='ocrx_word' id='word_1_139' title='bbox 695 1590 927 1642; x_wconf 81' lang='lat' dir='ltr'><strong>Galenus</strong></span> <span class='ocrx_word' id='word_1_140' title='bbox 948 1582 1003 1657; x_wconf 75' lang='grc' dir='ltr'><strong>(ι</strong></span> <span class='ocrx_word' id='word_1_141' title='bbox 1019 1580 1069 1657; x_wconf 86' lang='lat'><strong>1)</strong></span> <span class='ocrx_word' id='word_1_142' title='bbox 1118 1608 1240 1642; x_wconf 88' lang='lat' dir='ltr'><strong>cum</strong></span> <span class='ocrx_word' id='word_1_143' title='bbox 1280 1590 1486 1643; x_wconf 79' lang='lat' dir='ltr'><strong>asseclis</strong></span> <span class='ocrx_word' id='word_1_144' title='bbox 1508 1580 1528 1659; x_wconf 88' lang='lat'>(</span> <span class='ocrx_word' id='word_1_145' title='bbox 1536 1608 1557 1641; x_wconf 83' lang='lat'>1</span> <span class='ocrx_word' id='word_1_146' title='bbox 1571 1587 1624 1653; x_wconf 64' lang='grc' dir='ltr'><strong>ι)</strong></span> <span class='ocrx_word' id='word_1_147' title='bbox 1659 1609 1672 1643; x_wconf 87' lang='lat'><strong>:</strong></span> <span class='ocrx_word' id='word_1_148' title='bbox 1703 1593 1920 1663; x_wconf 77' lang='lat' dir='ltr'><strong>capillos</strong></span> <span class='ocrx_word' id='word_1_149' title='bbox 1941 1612 2155 1665; x_wconf 88' lang='lat' dir='ltr'><strong>quoque</strong></span> <span class='ocrx_word' id='word_1_150' title='bbox 2175 1592 2372 1647; x_wconf 75' lang='lat' dir='ltr'><strong>flavido</strong></span> 
     </span>
     <span class='ocr_line' id='line_1_17' title="bbox 248 1668 2368 1734; baseline 0.001 -11"><span class='ocrx_word' id='word_1_151' title='bbox 248 1670 425 1723; x_wconf 79' lang='lat' dir='ltr'><strong>colore</strong></span> <span class='ocrx_word' id='word_1_152' title='bbox 446 1668 653 1734; x_wconf 85' lang='lat' dir='ltr'><strong>imbui,</strong></span> <span class='ocrx_word' id='word_1_153' title='bbox 675 1668 723 1722; x_wconf 84' lang='lat' dir='ltr'><strong>si</strong></span> <span class='ocrx_word' id='word_1_154' title='bbox 746 1670 993 1721; x_wconf 70' lang='lat' dir='ltr'><strong>laventur</strong></span> <span class='ocrx_word' id='word_1_155' title='bbox 1032 1668 1255 1723; x_wconf 87' lang='lat' dir='ltr'><strong>decocto</strong></span> <span class='ocrx_word' id='word_1_156' title='bbox 1280 1670 1502 1734; x_wconf 86' lang='lat' dir='ltr'><strong>cortice,</strong></span> <span class='ocrx_word' id='word_1_157' title='bbox 1541 1681 1763 1724; x_wconf 80' lang='lat' dir='ltr'><strong>testatur</strong></span> <span class='ocrx_word' id='word_1_158' title='bbox 1808 1671 1949 1727; x_wconf 87' lang='lat' dir='ltr'><strong>idem</strong></span> <span class='ocrx_word' id='word_1_159' title='bbox 1993 1671 2327 1727; x_wconf 69' lang='lat' dir='ltr'><strong>Dioscorides</strong></span> <span class='ocrx_word' id='word_1_160' title='bbox 2355 1690 2368 1725; x_wconf 78' lang='grc' dir='ltr'><strong>ε</strong></span> 
     </span>
     <span class='ocr_line' id='line_1_18' title="bbox 250 1747 2130 1822; baseline 0.002 -19"><span class='ocrx_word' id='word_1_161' title='bbox 250 1768 379 1820; x_wconf 80' lang='lat' dir='ltr'><strong>quas</strong></span> <span class='ocrx_word' id='word_1_162' title='bbox 398 1747 625 1819; x_wconf 81' lang='lat' dir='ltr'><strong>quidem</strong></span> <span class='ocrx_word' id='word_1_163' title='bbox 649 1748 865 1802; x_wconf 80' lang='lat' dir='ltr'><strong>virtutes</strong></span> <span class='ocrx_word' id='word_1_164' title='bbox 884 1747 1047 1800; x_wconf 76' lang='lat' dir='ltr'><strong>Celtis</strong></span> <span class='ocrx_word' id='word_1_165' title='bbox 1065 1761 1257 1801; x_wconf 73' lang='lat' dir='ltr'><strong>nostrae</strong></span> <span class='ocrx_word' id='word_1_166' title='bbox 1280 1748 1807 1804; x_wconf 73' lang='lat' dir='ltr'><strong>australis-confirmat</strong></span> <span class='ocrx_word' id='word_1_167' title='bbox 1837 1753 2130 1822; x_wconf 87' lang='lat' dir='ltr'><strong>Scopolius.</strong></span> 
     </span>
    </p>

    <p class='ocr_par' dir='ltr' id='par_1_5' title="bbox 326 1826 1986 1899">
     <span class='ocr_line' id='line_1_19' title="bbox 326 1826 1986 1899; baseline -0.001 -18"><span class='ocrx_word' id='word_1_168' title='bbox 326 1826 800 1894; x_wconf 76' lang='lat' dir='ltr'><strong>Quemadmodum</strong></span> <span class='ocrx_word' id='word_1_169' title='bbox 821 1840 993 1881; x_wconf 87' lang='lat' dir='ltr'><strong>autem</strong></span> <span class='ocrx_word' id='word_1_170' title='bbox 1018 1827 1273 1898; x_wconf 74' lang='lat' dir='ltr'><strong>Virgilius</strong></span> <span class='ocrx_word' id='word_1_171' title='bbox 1291 1830 1401 1899; x_wconf 85' lang='lat' dir='ltr'><strong>jam</strong></span> <span class='ocrx_word' id='word_1_172' title='bbox 1429 1828 1610 1881; x_wconf 74' lang='lat' dir='ltr'><strong>asserit</strong></span> <span class='ocrx_word' id='word_1_173' title='bbox 1632 1868 1648 1897; x_wconf 82' lang='lat'>‚</span> <span class='ocrx_word' id='word_1_174' title='bbox 1674 1830 1740 1885; x_wconf 89' lang='lat' dir='ltr'><strong>G.</strong></span> <span class='ocrx_word' id='word_1_175' title='bbox 1770 1831 1828 1883; x_wconf 89' lang='lat' dir='ltr'><strong>II</strong></span> <span class='ocrx_word' id='word_1_176' title='bbox 1841 1869 1858 1897; x_wconf 84' lang='lat'><strong>,</strong></span> <span class='ocrx_word' id='word_1_177' title='bbox 1882 1830 1986 1885; x_wconf 85' lang='lat'><strong>83:</strong></span> 
     </span>
    </p>
   </div>
   <div class='ocr_carea' id='block_1_3' title="bbox 434 1952 1692 2090">
    <p class='ocr_par' dir='ltr' id='par_1_6' title="bbox 434 1952 1692 2090">
     <span class='ocr_line' id='line_1_20' title="bbox 444 1952 1692 2015; baseline -0.001 -14"><span class='ocrx_word' id='word_1_178' title='bbox 444 1987 616 2001; x_wconf 92' lang='grc'><strong>......</strong></span> <span class='ocrx_word' id='word_1_179' title='bbox 658 1969 803 2015; x_wconf 74' lang='lat' dir='ltr'><strong>genus</strong></span> <span class='ocrx_word' id='word_1_180' title='bbox 826 1952 954 1999; x_wconf 78' lang='lat' dir='ltr'><strong>haud</strong></span> <span class='ocrx_word' id='word_1_181' title='bbox 984 1970 1131 2000; x_wconf 88' lang='lat' dir='ltr'><strong>unum</strong></span> <span class='ocrx_word' id='word_1_182' title='bbox 1166 1969 1255 2001; x_wconf 89' lang='lat' dir='ltr'><strong>nec</strong></span> <span class='ocrx_word' id='word_1_183' title='bbox 1288 1953 1490 2000; x_wconf 79' lang='lat' dir='ltr'><strong>fortibus</strong></span> <span class='ocrx_word' id='word_1_184' title='bbox 1521 1954 1660 2009; x_wconf 72' lang='lat' dir='ltr'><strong>ulmis</strong></span> <span class='ocrx_word' id='word_1_185' title='bbox 1679 1990 1692 2010; x_wconf 92' lang='lat'>‚</span> 
     </span>
     <span class='ocr_line' id='line_1_21' title="bbox 434 2027 1524 2090; baseline 0 -16"><span class='ocrx_word' id='word_1_186' title='bbox 434 2031 538 2075; x_wconf 74' lang='lat' dir='ltr'><strong>Nec</strong></span> <span class='ocrx_word' id='word_1_187' title='bbox 561 2027 689 2073; x_wconf 82' lang='lat' dir='ltr'><strong>salici</strong></span> <span class='ocrx_word' id='word_1_188' title='bbox 716 2028 938 2089; x_wconf 83' lang='lat' dir='ltr'><strong>lotoque,</strong></span> <span class='ocrx_word' id='word_1_189' title='bbox 971 2043 1057 2074; x_wconf 88' lang='lat' dir='ltr'><strong>nec</strong></span> <span class='ocrx_word' id='word_1_190' title='bbox 1090 2028 1223 2074; x_wconf 74' lang='lat' dir='ltr'><strong>ldaeis</strong></span> <span class='ocrx_word' id='word_1_191' title='bbox 1251 2028 1524 2090; x_wconf 71' lang='lat' dir='ltr'><strong>cyparissis,</strong></span> 
     </span>
    </p>
   </div>
   <div class='ocr_carea' id='block_1_4' title="bbox 252 2134 2371 2449">
    <p class='ocr_par' dir='ltr' id='par_1_7' title="bbox 252 2134 2371 2449">
     <span class='ocr_line' id='line_1_22' title="bbox 252 2134 2371 2211; baseline 0.002 -20"><span class='ocrx_word' id='word_1_192' title='bbox 252 2154 393 2201; x_wconf 83' lang='lat' dir='ltr'><strong>esse,</strong></span> <span class='ocrx_word' id='word_1_193' title='bbox 432 2138 509 2188; x_wconf 69' lang='lat' dir='ltr'><strong>ita</strong></span> <span class='ocrx_word' id='word_1_194' title='bbox 558 2147 613 2189; x_wconf 88' lang='lat' dir='ltr'><strong>et</strong></span> <span class='ocrx_word' id='word_1_195' title='bbox 651 2135 754 2189; x_wconf 78' lang='lat' dir='ltr'><strong>alia</strong></span> <span class='ocrx_word' id='word_1_196' title='bbox 802 2135 1053 2189; x_wconf 71' lang='lat' dir='ltr'><strong>arborum</strong></span> <span class='ocrx_word' id='word_1_197' title='bbox 1086 2136 1289 2207; x_wconf 76' lang='lat' dir='ltr'><strong>species</strong></span> <span class='ocrx_word' id='word_1_198' title='bbox 1315 2137 1413 2190; x_wconf 82' lang='lat' dir='ltr'><strong>loti</strong></span> <span class='ocrx_word' id='word_1_199' title='bbox 1450 2137 1668 2191; x_wconf 86' lang='lat' dir='ltr'><strong>nomine</strong></span> <span class='ocrx_word' id='word_1_200' title='bbox 1699 2134 1844 2209; x_wconf 79' lang='lat' dir='ltr'><strong>apud</strong></span> <span class='ocrx_word' id='word_1_201' title='bbox 1892 2138 2158 2211; x_wconf 80' lang='lat' dir='ltr'><strong>Antiquos</strong></span> <span class='ocrx_word' id='word_1_202' title='bbox 2195 2142 2371 2205; x_wconf 80' lang='lat' dir='ltr'><strong>venit,</strong></span> 
     </span>
     <span class='ocr_line' id='line_1_23' title="bbox 252 2214 2369 2289; baseline 0.002 -20"><span class='ocrx_word' id='word_1_203' title='bbox 252 2234 369 2287; x_wconf 64' lang='lat' dir='ltr'><strong>quai</strong></span> <span class='ocrx_word' id='word_1_204' title='bbox 394 2226 539 2269; x_wconf 84' lang='lat' dir='ltr'><strong>certe</strong></span> <span class='ocrx_word' id='word_1_205' title='bbox 560 2214 792 2267; x_wconf 72' lang='lat' dir='ltr'><strong>Rhamni</strong></span> <span class='ocrx_word' id='word_1_206' title='bbox 830 2215 1012 2285; x_wconf 80' lang='lat' dir='ltr'><strong>generi</strong></span> <span class='ocrx_word' id='word_1_207' title='bbox 1038 2214 1429 2270; x_wconf 74' lang='lat' dir='ltr'><strong>adnumeranda</strong></span> <span class='ocrx_word' id='word_1_208' title='bbox 1452 2231 1545 2271; x_wconf 82' lang='lat' dir='ltr'><strong>est.</strong></span> <span class='ocrx_word' id='word_1_209' title='bbox 1568 2216 1696 2289; x_wconf 79' lang='lat' dir='ltr'><strong>Ejus</strong></span> <span class='ocrx_word' id='word_1_210' title='bbox 1720 2218 1925 2273; x_wconf 83' lang='lat' dir='ltr'><strong>arboris</strong></span> <span class='ocrx_word' id='word_1_211' title='bbox 1940 2257 1955 2284; x_wconf 90' lang='lat'>,</span> <span class='ocrx_word' id='word_1_212' title='bbox 1981 2219 2207 2273; x_wconf 80' lang='lat' dir='ltr'><strong>Rhamni</strong></span> <span class='ocrx_word' id='word_1_213' title='bbox 2231 2224 2369 2285; x_wconf 79' lang='lat' dir='ltr'><strong>Loti,</strong></span> 
     </span>
     <span class='ocr_line' id='line_1_24' title="bbox 254 2294 2369 2369; baseline 0.002 -20"><span class='ocrx_word' id='word_1_214' title='bbox 254 2294 409 2349; x_wconf 76' lang='lat' dir='ltr'><strong>fuisse</strong></span> <span class='ocrx_word' id='word_1_215' title='bbox 440 2296 713 2359; x_wconf 80' lang='lat' dir='ltr'><strong>fructum,</strong></span> <span class='ocrx_word' id='word_1_216' title='bbox 742 2298 890 2365; x_wconf 79' lang='lat' dir='ltr'><strong>cujus</strong></span> <span class='ocrx_word' id='word_1_217' title='bbox 933 2295 1185 2348; x_wconf 74' lang='lat' dir='ltr'><strong>suavitate</strong></span> <span class='ocrx_word' id='word_1_218' title='bbox 1221 2296 1360 2367; x_wconf 78' lang='lat' dir='ltr'><strong>eapti</strong></span> <span class='ocrx_word' id='word_1_219' title='bbox 1396 2296 1601 2369; x_wconf 71' lang='lat' dir='ltr'><strong>Ulyssis</strong></span> <span class='ocrx_word' id='word_1_220' title='bbox 1626 2298 1844 2351; x_wconf 77' lang='lat' dir='ltr'><strong>comites</strong></span> <span class='ocrx_word' id='word_1_221' title='bbox 1880 2298 2061 2368; x_wconf 64' lang='lat' dir='ltr'><strong>patrie</strong></span> <span class='ocrx_word' id='word_1_222' title='bbox 2090 2301 2369 2354; x_wconf 84' lang='lat' dir='ltr'><strong>oblivisce-</strong></span> 
     </span>
     <span class='ocr_line' id='line_1_25' title="bbox 252 2369 2369 2449; baseline 0.003 -22"><span class='ocrx_word' id='word_1_223' title='bbox 252 2388 441 2429; x_wconf 82' lang='lat' dir='ltr'><strong>rentur</strong></span> <span class='ocrx_word' id='word_1_224' title='bbox 458 2414 475 2440; x_wconf 91' lang='lat'>,</span> <span class='ocrx_word' id='word_1_225' title='bbox 491 2373 693 2445; x_wconf 84' lang='lat' dir='ltr'><strong>quique</strong></span> <span class='ocrx_word' id='word_1_226' title='bbox 719 2372 776 2426; x_wconf 85' lang='lat' dir='ltr'><strong>in</strong></span> <span class='ocrx_word' id='word_1_227' title='bbox 798 2374 991 2427; x_wconf 73' lang='lat' dir='ltr'><strong>Africae</strong></span> <span class='ocrx_word' id='word_1_228' title='bbox 1014 2375 1256 2444; x_wconf 85' lang='lat' dir='ltr'><strong>regione,</strong></span> <span class='ocrx_word' id='word_1_229' title='bbox 1270 2393 1299 2429; x_wconf 80' lang='lat' dir='ltr'><strong>a</strong></span> <span class='ocrx_word' id='word_1_230' title='bbox 1313 2376 1635 2448; x_wconf 76' lang='lat' dir='ltr'><strong>Lotophagis</strong></span> <span class='ocrx_word' id='word_1_231' title='bbox 1651 2375 1808 2431; x_wconf 82' lang='lat' dir='ltr'><strong>dictis</strong></span> <span class='ocrx_word' id='word_1_232' title='bbox 1826 2377 2195 2433; x_wconf 85' lang='lat' dir='ltr'><strong>comederetur</strong></span> <span class='ocrx_word' id='word_1_233' title='bbox 2217 2369 2268 2449; x_wconf 89' lang='lat'><strong>(1</strong></span> <span class='ocrx_word' id='word_1_234' title='bbox 2281 2377 2369 2445; x_wconf 83' lang='lat'><strong>3),</strong></span> 
     </span>
    </p>
   </div>
   <div class='ocr_carea' id='block_1_5' title="bbox 256 2515 2369 3182">
    <p class='ocr_par' dir='ltr' id='par_1_8' title="bbox 316 2515 1185 2576">
     <span class='ocr_line' id='line_1_26' title="bbox 316 2515 1185 2576; baseline -0.002 -17"><span class='ocrx_word' id='word_1_235' title='bbox 316 2516 385 2576; x_wconf 82' lang='lat'><strong>(1)</strong></span> <span class='ocrx_word' id='word_1_236' title='bbox 412 2515 515 2560; x_wconf 77' lang='lat' dir='ltr'><strong>Lib.</strong></span> <span class='ocrx_word' id='word_1_237' title='bbox 536 2515 677 2568; x_wconf 70' lang='lat' dir='ltr'><strong>Vm,</strong></span> <span class='ocrx_word' id='word_1_238' title='bbox 708 2523 741 2559; x_wconf 84' lang='lat' dir='ltr'><strong>t.</strong></span> <span class='ocrx_word' id='word_1_239' title='bbox 766 2515 839 2567; x_wconf 89' lang='lat'><strong>11,</strong></span> <span class='ocrx_word' id='word_1_240' title='bbox 861 2530 981 2573; x_wconf 65' lang='grc' dir='ltr'><strong>αις,</strong></span> <span class='ocrx_word' id='word_1_241' title='bbox 1001 2530 1047 2575; x_wconf 92' lang='lat' dir='ltr'><strong>p.</strong></span> <span class='ocrx_word' id='word_1_242' title='bbox 1080 2522 1185 2570; x_wconf 72' lang='lat'><strong>400.</strong></span> 
     </span>
    </p>

    <p class='ocr_par' dir='ltr' id='par_1_9' title="bbox 256 2588 2368 2805">
     <span class='ocr_line' id='line_1_27' title="bbox 320 2588 2367 2651; baseline -0 -16"><span class='ocrx_word' id='word_1_243' title='bbox 320 2590 393 2651; x_wconf 68' lang='grc' dir='ltr'><strong>(α)</strong></span> <span class='ocrx_word' id='word_1_244' title='bbox 424 2590 592 2635; x_wconf 75' lang='lat' dir='ltr'><strong>Athen.</strong></span> <span class='ocrx_word' id='word_1_245' title='bbox 624 2588 706 2633; x_wconf 81' lang='lat' dir='ltr'><strong>lib.</strong></span> <span class='ocrx_word' id='word_1_246' title='bbox 740 2588 823 2643; x_wconf 79' lang='lat' dir='ltr'><strong>IV,</strong></span> <span class='ocrx_word' id='word_1_247' title='bbox 844 2605 885 2634; x_wconf 82' lang='lat' dir='ltr'><strong>e.</strong></span> <span class='ocrx_word' id='word_1_248' title='bbox 910 2588 993 2643; x_wconf 80' lang='lat'><strong>25,</strong></span> <span class='ocrx_word' id='word_1_249' title='bbox 1017 2605 1068 2650; x_wconf 86' lang='lat' dir='ltr'><strong>p.</strong></span> <span class='ocrx_word' id='word_1_250' title='bbox 1103 2589 1217 2647; x_wconf 80' lang='lat'><strong>276,</strong></span> <span class='ocrx_word' id='word_1_251' title='bbox 1240 2588 1314 2634; x_wconf 90' lang='lat' dir='ltr'><strong>ed.</strong></span> <span class='ocrx_word' id='word_1_252' title='bbox 1348 2588 1576 2641; x_wconf 77' lang='lat' dir='ltr'><strong>Schaeser;</strong></span> <span class='ocrx_word' id='word_1_253' title='bbox 1604 2590 1696 2635; x_wconf 78' lang='lat' dir='ltr'><strong>sul.</strong></span> <span class='ocrx_word' id='word_1_254' title='bbox 1720 2590 1896 2635; x_wconf 86' lang='lat' dir='ltr'><strong>Polluc.</strong></span> <span class='ocrx_word' id='word_1_255' title='bbox 1915 2592 2152 2635; x_wconf 77' lang='lat' dir='ltr'><strong>Onomast.</strong></span> <span class='ocrx_word' id='word_1_256' title='bbox 2174 2590 2257 2634; x_wconf 84' lang='lat' dir='ltr'><strong>lib.</strong></span> <span class='ocrx_word' id='word_1_257' title='bbox 2287 2592 2367 2645; x_wconf 77' lang='lat' dir='ltr'><strong>lv,</strong></span> 
     </span>
     <span class='ocr_line' id='line_1_28' title="bbox 258 2662 2368 2725; baseline 0.001 -18"><span class='ocrx_word' id='word_1_258' title='bbox 258 2679 301 2710; x_wconf 82' lang='lat' dir='ltr'><strong>e.</strong></span> <span class='ocrx_word' id='word_1_259' title='bbox 323 2678 385 2724; x_wconf 83' lang='lat'><strong>9,</strong></span> <span class='ocrx_word' id='word_1_260' title='bbox 406 2681 441 2707; x_wconf 75' lang='lat' dir='ltr'><strong>s.</strong></span> <span class='ocrx_word' id='word_1_261' title='bbox 466 2678 550 2721; x_wconf 85' lang='lat'><strong>71,</strong></span> <span class='ocrx_word' id='word_1_262' title='bbox 576 2680 624 2724; x_wconf 86' lang='lat' dir='ltr'><strong>p.</strong></span> <span class='ocrx_word' id='word_1_263' title='bbox 652 2662 767 2716; x_wconf 82' lang='lat'><strong>388,</strong></span> <span class='ocrx_word' id='word_1_264' title='bbox 800 2678 839 2708; x_wconf 92' lang='lat' dir='ltr'><strong>c.</strong></span> <span class='ocrx_word' id='word_1_265' title='bbox 877 2678 961 2715; x_wconf 77' lang='grc' dir='ltr'><strong>ιο,</strong></span> <span class='ocrx_word' id='word_1_266' title='bbox 984 2678 1021 2709; x_wconf 83' lang='lat' dir='ltr'><strong>s.</strong></span> <span class='ocrx_word' id='word_1_267' title='bbox 1052 2670 1125 2721; x_wconf 76' lang='grc'><strong>74,</strong></span> <span class='ocrx_word' id='word_1_268' title='bbox 1146 2680 1194 2724; x_wconf 87' lang='lat' dir='ltr'><strong>p.</strong></span> <span class='ocrx_word' id='word_1_269' title='bbox 1223 2663 1348 2725; x_wconf 84' lang='grc' dir='ltr'><strong>89ο;</strong></span> <span class='ocrx_word' id='word_1_270' title='bbox 1380 2664 1498 2711; x_wconf 82' lang='lat' dir='ltr'><strong>Plin.</strong></span> <span class='ocrx_word' id='word_1_271' title='bbox 1530 2664 1611 2710; x_wconf 79' lang='lat' dir='ltr'><strong>lib.</strong></span> <span class='ocrx_word' id='word_1_272' title='bbox 1641 2665 1843 2718; x_wconf 78' lang='lat' dir='ltr'><strong>x111,·c.</strong></span> <span class='ocrx_word' id='word_1_273' title='bbox 1881 2676 1966 2723; x_wconf 81' lang='lat'><strong>173</strong></span> <span class='ocrx_word' id='word_1_274' title='bbox 2008 2664 2204 2724; x_wconf 78' lang='lat' dir='ltr'><strong>Eesych.</strong></span> <span class='ocrx_word' id='word_1_275' title='bbox 2229 2674 2262 2709; x_wconf 92' lang='lat' dir='ltr'><strong>t.</strong></span> <span class='ocrx_word' id='word_1_276' title='bbox 2293 2666 2368 2719; x_wconf 83' lang='lat'><strong>11,</strong></span> 
     </span>
     <span class='ocr_line' id='line_1_29' title="bbox 256 2741 1903 2805; baseline 0 -17"><span class='ocrx_word' id='word_1_277' title='bbox 256 2743 353 2788; x_wconf 86' lang='lat' dir='ltr'><strong>col.</strong></span> <span class='ocrx_word' id='word_1_278' title='bbox 376 2743 489 2795; x_wconf 80' lang='lat'><strong>516;</strong></span> <span class='ocrx_word' id='word_1_279' title='bbox 516 2741 652 2789; x_wconf 78' lang='lat' dir='ltr'><strong>Ovid.</strong></span> <span class='ocrx_word' id='word_1_280' title='bbox 672 2744 789 2787; x_wconf 82' lang='lat' dir='ltr'><strong>Fast.</strong></span> <span class='ocrx_word' id='word_1_281' title='bbox 812 2742 893 2787; x_wconf 79' lang='lat' dir='ltr'><strong>lib.</strong></span> <span class='ocrx_word' id='word_1_282' title='bbox 917 2744 995 2796; x_wconf 74' lang='lat' dir='ltr'><strong>tv,</strong></span> <span class='ocrx_word' id='word_1_283' title='bbox 1016 2760 1059 2788; x_wconf 80' lang='lat' dir='ltr'><strong>v.</strong></span> <span class='ocrx_word' id='word_1_284' title='bbox 1096 2758 1213 2804; x_wconf 85' lang='lat' dir='ltr'><strong>19o;</strong></span> <span class='ocrx_word' id='word_1_285' title='bbox 1244 2744 1453 2791; x_wconf 76' lang='lat' dir='ltr'><strong>Eustath.</strong></span> <span class='ocrx_word' id='word_1_286' title='bbox 1483 2745 1532 2790; x_wconf 90' lang='lat' dir='ltr'><strong>in</strong></span> <span class='ocrx_word' id='word_1_287' title='bbox 1556 2745 1610 2790; x_wconf 92' lang='lat'><strong>11.</strong></span> <span class='ocrx_word' id='word_1_288' title='bbox 1631 2742 1698 2799; x_wconf 82' lang='grc' dir='ltr'><strong>Σ,</strong></span> <span class='ocrx_word' id='word_1_289' title='bbox 1727 2760 1774 2805; x_wconf 91' lang='lat' dir='ltr'><strong>p.</strong></span> <span class='ocrx_word' id='word_1_290' title='bbox 1797 2742 1903 2797; x_wconf 69' lang='lat'><strong>443.</strong></span> 
     </span>
    </p>

    <p class='ocr_par' dir='ltr' id='par_1_10' title="bbox 319 2816 843 2877">
     <span class='ocr_line' id='line_1_30' title="bbox 319 2816 843 2877; baseline -0.002 -15"><span class='ocrx_word' id='word_1_291' title='bbox 319 2816 389 2877; x_wconf 86' lang='lat'><strong>(3)</strong></span> <span class='ocrx_word' id='word_1_292' title='bbox 422 2816 490 2862; x_wconf 84' lang='lat' dir='ltr'><strong>Id.</strong></span> <span class='ocrx_word' id='word_1_293' title='bbox 516 2818 685 2871; x_wconf 75' lang='lat' dir='ltr'>xxw,</span> <span class='ocrx_word' id='word_1_294' title='bbox 704 2832 751 2863; x_wconf 74' lang='lat' dir='ltr'><strong>v.</strong></span> <span class='ocrx_word' id='word_1_295' title='bbox 770 2817 843 2871; x_wconf 74' lang='lat'><strong>45.</strong></span> 
     </span>
    </p>

    <p class='ocr_par' dir='ltr' id='par_1_11' title="bbox 317 2890 992 2951">
     <span class='ocr_line' id='line_1_31' title="bbox 317 2890 992 2951; baseline 0 -16"><span class='ocrx_word' id='word_1_296' title='bbox 317 2890 389 2951; x_wconf 71' lang='lat'><strong>(4)</strong></span> <span class='ocrx_word' id='word_1_297' title='bbox 426 2890 545 2936; x_wconf 83' lang='lat' dir='ltr'><strong>Plin.</strong></span> <span class='ocrx_word' id='word_1_298' title='bbox 576 2890 660 2936; x_wconf 82' lang='lat' dir='ltr'><strong>lib.</strong></span> <span class='ocrx_word' id='word_1_299' title='bbox 692 2890 828 2944; x_wconf 82' lang='lat' dir='ltr'><strong>xm,</strong></span> <span class='ocrx_word' id='word_1_300' title='bbox 853 2906 893 2935; x_wconf 93' lang='lat' dir='ltr'><strong>c.</strong></span> <span class='ocrx_word' id='word_1_301' title='bbox 923 2906 992 2950; x_wconf 86' lang='lat'><strong>¹7·</strong></span> 
     </span>
    </p>

    <p class='ocr_par' dir='ltr' id='par_1_12' title="bbox 256 2964 2369 3100">
     <span class='ocr_line' id='line_1_32' title="bbox 316 2964 2369 3028; baseline 0.001 -18"><span class='ocrx_word' id='word_1_302' title='bbox 316 2966 389 3027; x_wconf 81' lang='lat'><strong>(5)</strong></span> <span class='ocrx_word' id='word_1_303' title='bbox 418 2964 626 3010; x_wconf 80' lang='lat' dir='ltr'><strong>Sestini’s</strong></span> <span class='ocrx_word' id='word_1_304' title='bbox 656 2964 809 3011; x_wconf 84' lang='lat' dir='ltr'><strong>Briefe</strong></span> <span class='ocrx_word' id='word_1_305' title='bbox 832 2980 913 3009; x_wconf 76' lang='lat' dir='ltr'><strong>nus</strong></span> <span class='ocrx_word' id='word_1_306' title='bbox 946 2964 1133 3011; x_wconf 86' lang='lat' dir='ltr'><strong>Sicilien</strong></span> <span class='ocrx_word' id='word_1_307' title='bbox 1152 2998 1165 3018; x_wconf 93' lang='lat'>‚</span> <span class='ocrx_word' id='word_1_308' title='bbox 1194 2966 1278 3011; x_wconf 80' lang='lat' dir='ltr'><strong>Th.</strong></span> <span class='ocrx_word' id='word_1_309' title='bbox 1307 2967 1378 3022; x_wconf 89' lang='lat'><strong>11,</strong></span> <span class='ocrx_word' id='word_1_310' title='bbox 1406 2967 1453 3013; x_wconf 85' lang='lat' dir='ltr'><strong>S.</strong></span> <span class='ocrx_word' id='word_1_311' title='bbox 1481 2966 1582 3028; x_wconf 80' lang='lat'><strong>196.</strong></span> <span class='ocrx_word' id='word_1_312' title='bbox 1606 2965 1739 3013; x_wconf 88' lang='lat' dir='ltr'><strong>Circa</strong></span> <span class='ocrx_word' id='word_1_313' title='bbox 1769 2968 1968 3013; x_wconf 66' lang='lat' dir='ltr'><strong>Aetnam</strong></span> <span class='ocrx_word' id='word_1_314' title='bbox 1989 2966 2246 3028; x_wconf 74' lang='lat' dir='ltr'><strong>praeprimis</strong></span> <span class='ocrx_word' id='word_1_315' title='bbox 2274 2967 2369 3014; x_wconf 82' lang='lat' dir='ltr'><strong>sre-</strong></span> 
     </span>
     <span class='ocr_line' id='line_1_33' title="bbox 256 3050 607 3100; baseline -0.011 -13"><span class='ocrx_word' id='word_1_316' title='bbox 256 3050 475 3100; x_wconf 79' lang='lat' dir='ltr'><strong>queutem</strong></span> <span class='ocrx_word' id='word_1_317' title='bbox 495 3054 607 3085; x_wconf 79' lang='lat' dir='ltr'><strong>esse.</strong></span> 
     </span>
    </p>

    <p class='ocr_par' dir='ltr' id='par_1_13' title="bbox 316 3112 1324 3182">
     <span class='ocr_line' id='line_1_34' title="bbox 316 3112 1324 3182; baseline -0.002 -22"><span class='ocrx_word' id='word_1_318' title='bbox 316 3114 389 3177; x_wconf 79' lang='lat'><strong>(6)</strong></span> <span class='ocrx_word' id='word_1_319' title='bbox 422 3117 601 3175; x_wconf 78' lang='lat' dir='ltr'><strong>Pempt.</strong></span> <span class='ocrx_word' id='word_1_320' title='bbox 626 3114 717 3168; x_wconf 79' lang='lat' dir='ltr'><strong>Vl,</strong></span> <span class='ocrx_word' id='word_1_321' title='bbox 743 3113 825 3159; x_wconf 86' lang='lat' dir='ltr'><strong>lib.</strong></span> <span class='ocrx_word' id='word_1_322' title='bbox 847 3114 932 3168; x_wconf 77' lang='lat' dir='ltr'><strong>lv,</strong></span> <span class='ocrx_word' id='word_1_323' title='bbox 958 3128 999 3159; x_wconf 93' lang='lat' dir='ltr'><strong>c.</strong></span> <span class='ocrx_word' id='word_1_324' title='bbox 1030 3112 1115 3167; x_wconf 76' lang='lat'><strong>25,</strong></span> <span class='ocrx_word' id='word_1_325' title='bbox 1149 3130 1199 3182; x_wconf 76' lang='lat' dir='ltr'><strong>p.</strong></span> <span class='ocrx_word' id='word_1_326' title='bbox 1218 3112 1324 3172; x_wconf 67' lang='grc'><strong>847.</strong></span> 
     </span>
    </p>
   </div>
   <div class='ocr_carea' id='block_1_6' title="bbox 317 3188 1133 3327">
    <p class='ocr_par' dir='ltr' id='par_1_14' title="bbox 317 3188 1133 3327">
     <span class='ocr_line' id='line_1_35' title="bbox 319 3188 1005 3252; baseline -0.003 -16"><span class='ocrx_word' id='word_1_327' title='bbox 319 3190 391 3252; x_wconf 79' lang='lat'><strong>(7)</strong></span> <span class='ocrx_word' id='word_1_328' title='bbox 418 3190 567 3251; x_wconf 75' lang='lat' dir='ltr'><strong>stirp.</strong></span> <span class='ocrx_word' id='word_1_329' title='bbox 582 3189 811 3235; x_wconf 79' lang='lat' dir='ltr'><strong>adversar.</strong></span> <span class='ocrx_word' id='word_1_330' title='bbox 830 3206 882 3251; x_wconf 86' lang='lat' dir='ltr'><strong>p.</strong></span> <span class='ocrx_word' id='word_1_331' title='bbox 900 3188 1005 3251; x_wconf 70' lang='grc'><strong>439.</strong></span> 
     </span>
     <span class='ocr_line' id='line_1_36' title="bbox 317 3263 1133 3327; baseline -0.002 -16"><span class='ocrx_word' id='word_1_332' title='bbox 317 3266 389 3327; x_wconf 89' lang='lat'><strong>(8)</strong></span> <span class='ocrx_word' id='word_1_333' title='bbox 418 3265 566 3311; x_wconf 79' lang='lat' dir='ltr'><strong>Delie.</strong></span> <span class='ocrx_word' id='word_1_334' title='bbox 596 3264 783 3310; x_wconf 83' lang='lat' dir='ltr'><strong>Insubr.</strong></span> <span class='ocrx_word' id='word_1_335' title='bbox 808 3266 859 3309; x_wconf 89' lang='lat' dir='ltr'><strong>P.</strong></span> <span class='ocrx_word' id='word_1_336' title='bbox 888 3263 963 3317; x_wconf 89' lang='lat'><strong>11,</strong></span> <span class='ocrx_word' id='word_1_337' title='bbox 984 3279 1033 3324; x_wconf 88' lang='lat' dir='ltr'><strong>p.</strong></span> <span class='ocrx_word' id='word_1_338' title='bbox 1056 3276 1133 3324; x_wconf 85' lang='lat'><strong>97.</strong></span> 
     </span>
    </p>
   </div>
   <div class='ocr_carea' id='block_1_7' title="bbox 258 3335 2376 4003">
    <p class='ocr_par' dir='ltr' id='par_1_15' title="bbox 318 3335 1243 3401">
     <span class='ocr_line' id='line_1_37' title="bbox 318 3335 1243 3401; baseline -0.003 -16"><span class='ocrx_word' id='word_1_339' title='bbox 318 3340 387 3401; x_wconf 83' lang='lat'><strong>(9)</strong></span> <span class='ocrx_word' id='word_1_340' title='bbox 420 3342 645 3401; x_wconf 75' lang='lat' dir='ltr'><strong>Hippocr.</strong></span> <span class='ocrx_word' id='word_1_341' title='bbox 670 3339 730 3384; x_wconf 84' lang='lat' dir='ltr'><strong>de</strong></span> <span class='ocrx_word' id='word_1_342' title='bbox 756 3337 1042 3400; x_wconf 78' lang='lat' dir='ltr'><strong>superfoetat.</strong></span> <span class='ocrx_word' id='word_1_343' title='bbox 1063 3354 1111 3399; x_wconf 87' lang='lat' dir='ltr'><strong>p.</strong></span> <span class='ocrx_word' id='word_1_344' title='bbox 1137 3335 1243 3383; x_wconf 81' lang='lat'><strong>265.</strong></span> 
     </span>
    </p>

    <p class='ocr_par' dir='ltr' id='par_1_16' title="bbox 318 3412 1024 3476">
     <span class='ocr_line' id='line_1_38' title="bbox 318 3412 1024 3476; baseline -0.004 -15"><span class='ocrx_word' id='word_1_345' title='bbox 318 3416 423 3476; x_wconf 75' lang='lat' dir='ltr'><strong>(ro)</strong></span> <span class='ocrx_word' id='word_1_346' title='bbox 452 3414 558 3460; x_wconf 78' lang='lat' dir='ltr'><strong>Lib.</strong></span> <span class='ocrx_word' id='word_1_347' title='bbox 595 3414 647 3467; x_wconf 89' lang='lat'><strong>1,</strong></span> <span class='ocrx_word' id='word_1_348' title='bbox 676 3430 719 3459; x_wconf 87' lang='lat' dir='ltr'><strong>c.</strong></span> <span class='ocrx_word' id='word_1_349' title='bbox 744 3428 847 3473; x_wconf 79' lang='lat'><strong>171,</strong></span> <span class='ocrx_word' id='word_1_350' title='bbox 877 3429 927 3474; x_wconf 88' lang='lat' dir='ltr'><strong>p.</strong></span> <span class='ocrx_word' id='word_1_351' title='bbox 949 3412 1024 3459; x_wconf 74' lang='lat'><strong>82.</strong></span> 
     </span>
    </p>

    <p class='ocr_par' dir='ltr' id='par_1_17' title="bbox 317 3484 1527 3552">
     <span class='ocr_line' id='line_1_39' title="bbox 317 3484 1527 3552; baseline -0.003 -16"><span class='ocrx_word' id='word_1_352' title='bbox 317 3489 361 3550; x_wconf 82' lang='grc' dir='ltr'><strong>(ι</strong></span> <span class='ocrx_word' id='word_1_353' title='bbox 370 3491 419 3552; x_wconf 82' lang='lat'><strong>1)</strong></span> <span class='ocrx_word' id='word_1_354' title='bbox 446 3491 521 3535; x_wconf 82' lang='lat' dir='ltr'><strong>De</strong></span> <span class='ocrx_word' id='word_1_355' title='bbox 540 3488 717 3533; x_wconf 78' lang='lat' dir='ltr'><strong>Facult.</strong></span> <span class='ocrx_word' id='word_1_356' title='bbox 738 3486 937 3550; x_wconf 77' lang='lat' dir='ltr'><strong>simplic.</strong></span> <span class='ocrx_word' id='word_1_357' title='bbox 963 3484 1129 3533; x_wconf 86' lang='lat' dir='ltr'><strong>medic.</strong></span> <span class='ocrx_word' id='word_1_358' title='bbox 1144 3485 1227 3533; x_wconf 78' lang='lat' dir='ltr'><strong>lib.</strong></span> <span class='ocrx_word' id='word_1_359' title='bbox 1246 3485 1364 3540; x_wconf 81' lang='lat' dir='ltr'><strong>vu,</strong></span> <span class='ocrx_word' id='word_1_360' title='bbox 1384 3502 1430 3547; x_wconf 87' lang='lat' dir='ltr'><strong>p.</strong></span> <span class='ocrx_word' id='word_1_361' title='bbox 1451 3486 1527 3549; x_wconf 88' lang='grc'><strong>98.</strong></span> 
     </span>
    </p>

    <p class='ocr_par' dir='ltr' id='par_1_18' title="bbox 318 3558 2045 3626">
     <span class='ocr_line' id='line_1_40' title="bbox 318 3558 2045 3626; baseline -0.004 -15"><span class='ocrx_word' id='word_1_362' title='bbox 318 3564 419 3626; x_wconf 71' lang='lat' dir='ltr'><strong>(tn)</strong></span> <span class='ocrx_word' id='word_1_363' title='bbox 448 3566 557 3611; x_wconf 70' lang='lat' dir='ltr'><strong>Ant.</strong></span> <span class='ocrx_word' id='word_1_364' title='bbox 582 3572 691 3609; x_wconf 84' lang='lat' dir='ltr'><strong>tetr.</strong></span> <span class='ocrx_word' id='word_1_365' title='bbox 713 3562 759 3617; x_wconf 88' lang='lat'><strong>1,</strong></span> <span class='ocrx_word' id='word_1_366' title='bbox 784 3576 920 3608; x_wconf 82' lang='lat' dir='ltr'><strong>serm.</strong></span> <span class='ocrx_word' id='word_1_367' title='bbox 942 3563 989 3617; x_wconf 87' lang='lat'><strong>1,</strong></span> <span class='ocrx_word' id='word_1_368' title='bbox 1008 3560 1097 3607; x_wconf 85' lang='lat' dir='ltr'><strong>col.</strong></span> <span class='ocrx_word' id='word_1_369' title='bbox 1114 3567 1203 3615; x_wconf 73' lang='lat'><strong>413</strong></span> <span class='ocrx_word' id='word_1_370' title='bbox 1224 3558 1380 3605; x_wconf 84' lang='lat' dir='ltr'><strong>Paull:</strong></span> <span class='ocrx_word' id='word_1_371' title='bbox 1402 3559 1614 3621; x_wconf 69' lang='lat' dir='ltr'><strong>AEginet.</strong></span> <span class='ocrx_word' id='word_1_372' title='bbox 1632 3559 1714 3607; x_wconf 78' lang='lat' dir='ltr'><strong>lib.</strong></span> <span class='ocrx_word' id='word_1_373' title='bbox 1732 3560 1848 3615; x_wconf 81' lang='lat' dir='ltr'><strong>vn,</strong></span> <span class='ocrx_word' id='word_1_374' title='bbox 1870 3575 1918 3622; x_wconf 88' lang='lat' dir='ltr'><strong>p.</strong></span> <span class='ocrx_word' id='word_1_375' title='bbox 1938 3568 2045 3617; x_wconf 69' lang='lat'>²4⁰-</span> 
     </span>
    </p>

    <p class='ocr_par' dir='ltr' id='par_1_19' title="bbox 258 3620 2376 4003">
     <span class='ocr_line' id='line_1_41' title="bbox 317 3620 2376 3705; baseline -0.004 -14"><span class='ocrx_word' id='word_1_376' title='bbox 317 3644 417 3705; x_wconf 81' lang='lat'><strong>(13)</strong></span> <span class='ocrx_word' id='word_1_377' title='bbox 446 3642 537 3691; x_wconf 71' lang='lat' dir='ltr'><strong>Od-</strong></span> <span class='ocrx_word' id='word_1_378' title='bbox 568 3644 617 3696; x_wconf 91' lang='lat'><strong>1,</strong></span> <span class='ocrx_word' id='word_1_379' title='bbox 652 3640 729 3689; x_wconf 81' lang='lat'><strong>83.</strong></span> <span class='ocrx_word' id='word_1_380' title='bbox 748 3620 938 3687; x_wconf 67' lang='grc' dir='ltr'><strong>Ᾰνθινον</strong></span> <span class='ocrx_word' id='word_1_381' title='bbox 966 3628 1103 3703; x_wconf 67' lang='grc' dir='ltr'><strong>εἶδαρ</strong></span> <span class='ocrx_word' id='word_1_382' title='bbox 1138 3640 1261 3687; x_wconf 76' lang='lat' dir='ltr'><strong>hunc</strong></span> <span class='ocrx_word' id='word_1_383' title='bbox 1303 3638 1508 3687; x_wconf 79' lang='lat' dir='ltr'><strong>fructum</strong></span> <span class='ocrx_word' id='word_1_384' title='bbox 1535 3648 1674 3685; x_wconf 77' lang='lat' dir='ltr'><strong>vocat</strong></span> <span class='ocrx_word' id='word_1_385' title='bbox 1701 3640 1927 3685; x_wconf 79' lang='lat' dir='ltr'><strong>Homerus</strong></span> <span class='ocrx_word' id='word_1_386' title='bbox 1954 3656 1965 3683; x_wconf 72' lang='grc' dir='ltr'><strong><em>ε</em></strong></span> <span class='ocrx_word' id='word_1_387' title='bbox 1999 3638 2200 3699; x_wconf 83' lang='lat' dir='ltr'><strong>ideoque</strong></span> <span class='ocrx_word' id='word_1_388' title='bbox 2232 3638 2376 3684; x_wconf 78' lang='lat' dir='ltr'><strong>Celtis</strong></span> 
     </span>
     <span class='ocr_line' id='line_1_42' title="bbox 258 3717 2376 3785; baseline -0.004 -15"><span class='ocrx_word' id='word_1_389' title='bbox 258 3725 615 3785; x_wconf 70' lang='lat' dir='ltr'><strong>budqunquam</strong></span> <span class='ocrx_word' id='word_1_390' title='bbox 638 3736 738 3769; x_wconf 83' lang='lat' dir='ltr'><strong>esse</strong></span> <span class='ocrx_word' id='word_1_391' title='bbox 758 3730 913 3783; x_wconf 81' lang='lat' dir='ltr'><strong>potest</strong></span> <span class='ocrx_word' id='word_1_392' title='bbox 928 3754 944 3775; x_wconf 95' lang='lat'>,</span> <span class='ocrx_word' id='word_1_393' title='bbox 968 3720 1101 3781; x_wconf 81' lang='lat' dir='ltr'><strong>cujus</strong></span> <span class='ocrx_word' id='word_1_394' title='bbox 1124 3736 1279 3781; x_wconf 80' lang='lat' dir='ltr'><strong>neque</strong></span> <span class='ocrx_word' id='word_1_395' title='bbox 1295 3720 1459 3774; x_wconf 78' lang='lat' dir='ltr'><strong>flores,</strong></span> <span class='ocrx_word' id='word_1_396' title='bbox 1481 3735 1631 3781; x_wconf 84' lang='lat' dir='ltr'><strong>neque</strong></span> <span class='ocrx_word' id='word_1_397' title='bbox 1651 3718 1830 3765; x_wconf 72' lang='lat' dir='ltr'><strong>fraenis</strong></span> <span class='ocrx_word' id='word_1_398' title='bbox 1845 3719 1967 3778; x_wconf 70' lang='lat' dir='ltr'><strong>hene</strong></span> <span class='ocrx_word' id='word_1_399' title='bbox 1987 3718 2128 3765; x_wconf 83' lang='lat' dir='ltr'><strong>olent.</strong></span> <span class='ocrx_word' id='word_1_400' title='bbox 2147 3717 2376 3779; x_wconf 70' lang='lat' dir='ltr'><strong>(Sontini,</strong></span> 
     </span>
     <span class='ocr_line' id='line_1_43' title="bbox 258 3793 2374 3861; baseline -0.003 -18"><span class='ocrx_word' id='word_1_401' title='bbox 258 3798 290 3843; x_wconf 94' lang='grc' dir='ltr'><strong>Ι.</strong></span> <span class='ocrx_word' id='word_1_402' title='bbox 308 3816 349 3845; x_wconf 84' lang='lat' dir='ltr'><strong>e.</strong></span> <span class='ocrx_word' id='word_1_403' title='bbox 366 3815 413 3861; x_wconf 87' lang='lat' dir='ltr'><strong>p.</strong></span> <span class='ocrx_word' id='word_1_404' title='bbox 439 3798 694 3860; x_wconf 82' lang='lat' dir='ltr'><strong>199.)1pse</strong></span> <span class='ocrx_word' id='word_1_405' title='bbox 712 3794 939 3843; x_wconf 85' lang='lat' dir='ltr'><strong>Sestinius</strong></span> <span class='ocrx_word' id='word_1_406' title='bbox 962 3804 1132 3850; x_wconf 66' lang='lat' dir='ltr'><strong>umen,</strong></span> <span class='ocrx_word' id='word_1_407' title='bbox 1149 3794 1231 3856; x_wconf 85' lang='lat' dir='ltr'><strong>qui</strong></span> <span class='ocrx_word' id='word_1_408' title='bbox 1252 3810 1462 3856; x_wconf 81' lang='lat' dir='ltr'><strong>saporem</strong></span> <span class='ocrx_word' id='word_1_409' title='bbox 1483 3794 1721 3840; x_wconf 80' lang='lat' dir='ltr'><strong>fructuum</strong></span> <span class='ocrx_word' id='word_1_410' title='bbox 1739 3793 1879 3840; x_wconf 83' lang='lat' dir='ltr'><strong>Celtis</strong></span> <span class='ocrx_word' id='word_1_411' title='bbox 1899 3808 1996 3838; x_wconf 86' lang='lat' dir='ltr'><strong>non</strong></span> <span class='ocrx_word' id='word_1_412' title='bbox 2014 3793 2158 3839; x_wconf 85' lang='lat' dir='ltr'><strong>modo</strong></span> <span class='ocrx_word' id='word_1_413' title='bbox 2181 3805 2374 3839; x_wconf 76' lang='lat' dir='ltr'><strong>suavem</strong></span> 
     </span>
     <span class='ocr_line' id='line_1_44' title="bbox 259 3865 2376 3931; baseline -0.004 -12"><span class='ocrx_word' id='word_1_414' title='bbox 259 3874 459 3929; x_wconf 76' lang='lat' dir='ltr'><strong>invenit,</strong></span> <span class='ocrx_word' id='word_1_415' title='bbox 482 3875 681 3919; x_wconf 70' lang='lat' dir='ltr'><strong>Homeri</strong></span> <span class='ocrx_word' id='word_1_416' title='bbox 703 3872 1003 3931; x_wconf 76' lang='lat' dir='ltr'><strong>Lotophagos</strong></span> <span class='ocrx_word' id='word_1_417' title='bbox 1022 3870 1169 3918; x_wconf 83' lang='lat' dir='ltr'><strong>credit</strong></span> <span class='ocrx_word' id='word_1_418' title='bbox 1185 3870 1258 3916; x_wconf 80' lang='lat' dir='ltr'><strong>his</strong></span> <span class='ocrx_word' id='word_1_419' title='bbox 1276 3869 1508 3917; x_wconf 75' lang='lat' dir='ltr'><strong>fructibus</strong></span> <span class='ocrx_word' id='word_1_420' title='bbox 1525 3886 1631 3916; x_wconf 77' lang='lat' dir='ltr'><strong>usos</strong></span> <span class='ocrx_word' id='word_1_421' title='bbox 1648 3869 1814 3925; x_wconf 75' lang='lat' dir='ltr'><strong>fuisse,</strong></span> <span class='ocrx_word' id='word_1_422' title='bbox 1843 3868 1892 3913; x_wconf 84' lang='lat' dir='ltr'><strong>in</strong></span> <span class='ocrx_word' id='word_1_423' title='bbox 1915 3884 2036 3928; x_wconf 85' lang='lat' dir='ltr'><strong>quo,</strong></span> <span class='ocrx_word' id='word_1_424' title='bbox 2059 3882 2162 3915; x_wconf 81' lang='lat' dir='ltr'><strong>meo</strong></span> <span class='ocrx_word' id='word_1_425' title='bbox 2185 3865 2376 3927; x_wconf 82' lang='lat' dir='ltr'><strong>quidem</strong></span> 
     </span>
     <span class='ocr_line' id='line_1_45' title="bbox 258 3945 1023 4003; baseline -0.003 -8"><span class='ocrx_word' id='word_1_426' title='bbox 258 3948 451 3995; x_wconf 77' lang='lat' dir='ltr'><strong>arbitrio</strong></span> <span class='ocrx_word' id='word_1_427' title='bbox 466 3983 482 4003; x_wconf 88' lang='lat'>,</span> <span class='ocrx_word' id='word_1_428' title='bbox 512 3949 811 3994; x_wconf 77' lang='lat' dir='ltr'><strong>vehementer</strong></span> <span class='ocrx_word' id='word_1_429' title='bbox 833 3945 1023 3993; x_wconf 72' lang='lat' dir='ltr'><strong>fallitur.</strong></span> 
     </span>
    </p>
   </div>
   <div class='ocr_carea' id='block_1_8' title="bbox 2051 4025 2164 4107">
    <p class='ocr_par' dir='ltr' id='par_1_20' title="bbox 2051 4025 2164 4107">
     <span class='ocr_line' id='line_1_46' title="bbox 2051 4025 2164 4107; baseline 0 0"><span class='ocrx_word' id='word_1_430' title='bbox 2051 4025 2164 4107; x_wconf 81' lang='lat'><strong>16³</strong></span> 
     </span>
    </p>
   </div>
  </div>
 </body>
</html>
