2850 4684
1021 390 1344 457 LIBER
1397 392 1605 459 XVI.

2230 385 2384 458 633

249 542 400 613 quae
446 515 752 613 capillata
803 517 1067 604 dicitur,
1105 522 1418 614 quoniam
1462 504 1872 591 Vestalium⁶
1904 519 2237 614 virginum
2288 545 2391 589 ca-

247 624 448 719 pillus
491 624 576 693 ad
607 648 754 693 eam
792 621 1108 693 defertur.

359 732 746 801 LXXXVI.
775 732 1030 801 Verum
1062 730 1271 803 altera
1301 731 1473 803 lotos
1500 736 1571 803 in
1598 730 1948 803 Vulcanali
1968 730 2226 826 ¹‚.quod
2256 735 2388 800 Ro·
2433 778 2458 813 ι

253 894 502 947 arborem
520 891 796 957 dicebant,
811 893 866 945 in
896 910 1002 964 qua
1024 893 1280 965 capillum

255 984 476 1027 tonsum
499 971 908 1043 suspendebant.
934 997 957 1020 ι
980 971 1161 1027 Hmn.

344 1056 398 1106 6.
421 1053 663 1122 Quoniam
683 1052 740 1101 V
733 1055 970 1115 estalium,
989 1065 1092 1109 etc.
1116 1052 1284 1125 Apud

259 1132 574 1203 Polyaenum
594 1134 830 1186 Theseus
855 1135 1026 1188 crines
1054 1136 1285 1188 anterio·

258 1230 348 1265 res
379 1212 566 1282 capitis
592 1210 759 1277 radit,
807 1232 942 1284 quos
971 1215 1086 1267 Diis
1107 1233 1287 1268 sacros

262 1289 437 1356 dican
459 1310 570 1344 uon
593 1291 738 1362 quod
763 1292 836 1346 ait
853 1293 1170 1347 Plutarchus
1184 1334 1198 1359 ,
1219 1313 1288 1347 ue

261 1382 473 1425 vetusto
488 1389 636 1423 more
659 1373 892 1443 παρίσχει
911 1376 964 1427 ἐκ
987 1382 1082 1427 τῶν
1111 1381 1288 1445 τριχῶν

261 1452 530 1521 πολιμίοις.
568 1450 734 1524 ‚Apud
787 1451 928 1505 Suet.
978 1453 1034 1505 in
1075 1454 1290 1506 Nerone

265 1546 387 1599 cap.
413 1547 524 1593 χιι,
552 1529 697 1582 Nero
734 1533 984 1602 gymnico
1005 1572 1020 1597 ,
1063 1531 1208 1604 quod
1234 1534 1290 1586 in

267 1610 433 1681 septis
455 1607 643 1662 edebat
658 1649 674 1675 ,
697 1611 834 1663 inter
849 1613 1112 1685 buthysiae
1127 1632 1292 1684 appa-

267 1701 445 1741 ratum
472 1688 694 1741 barbam
718 1690 943 1761 primam
966 1694 1142 1763 posuit
1161 1710 1292 1745 cou-

269 1766 440 1821 ditam
459 1768 516 1820 in
545 1786 756 1821 auream
784 1770 1060 1840 pyxidem,
1089 1783 1143 1824 et
1168 1790 1291 1842 pre-

270 1846 565 1901 tiosissimis
639 1850 930 1919 margaritis
985 1850 1292 1920 adornatam

273 1926 544 1996 Capitolio
563 1930 908 1982 consecravit.
927 1928 1085 1999 Apud
1110 1931 1294 1983 Petro-

269 2006 422 2060 nium
453 2007 510 2060 iu
533 2005 743 2078 Satyra,
774 2008 1146 2063 Trimalcionis
1173 2010 1293 2063 bar-

271 2088 340 2140 ba
373 2085 568 2157 pyxide
601 2104 761 2139 aurea
789 2106 899 2140 uon
940 2088 1137 2159 pusilla
1165 2108 1296 2142 con·

273 2165 386 2219 dita
411 2165 535 2230 fuit,
557 2165 612 2217 in
625 2168 853 2220 armario
871 2170 1132 2238 porticus,
1159 2169 1297 2222 intra

275 2242 550 2298 aediculam
565 2282 582 2307 ‚
603 2262 728 2298 cum
747 2246 944 2301 laribus
960 2286 976 2313 ,
997 2261 1050 2301 et
1073 2248 1298 2301 Veneris

277 2342 578 2377 marmoreo
615 2325 782 2395 signo.
823 2326 1006 2381 Festus
1054 2328 1110 2379 in
1166 2344 1297 2380 voce

275 2404 526 2475 capillata.
608 2402 992 2460 Tondebantur
1049 2426 1178 2475 ergo
1247 2416 1301 2459 et

277 2484 548 2546 Vestales,
577 2502 743 2553 quum
769 2484 826 2536 iu
847 2498 1084 2537 sanctum
1109 2484 1165 2537 id
1195 2486 1302 2539 col·

275 2563 472 2634 legium
519 2564 746 2631 recepta·
793 2580 822 2613 a
866 2564 1122 2633 pontifice
1151 2578 1300 2618 certo

276 2644 512 2696 carmine
534 2653 892 2705 sacrarentur,
917 2660 978 2693 ac
1007 2643 1120 2695 Diis
1139 2661 1302 2695 vove-

275 2734 484 2775 rentur.
519 2721 630 2771 Nec
653 2721 908 2773 absimilis
944 2722 1048 2773 fuit
1087 2722 1302 2775 Graeco-

277 2820 400 2855 rum
418 2798 746 2856 consuetudo
763 2839 777 2864 ‚
799 2800 1030 2870 primum
1043 2803 1300 2870 juvenum

279 2900 490 2934 comam
513 2878 792 2943 demendi,
819 2898 937 2950 quat
960 2881 1042 2932 vel
1066 2881 1303 2944 Deo,vel

281 2961 493 3013 flumini
536 2959 764 3031 cuipiam
796 2960 1100 3012 offerretur.
1142 2960 1303 3013 Hom.

281 3040 442 3093 Iliad.
465 3045 518 3092 Ψ
541 3044 604 3092 de
629 3039 805 3093 Achil.
833 3038 964 3100 Στόις
991 3034 1299 3093 δ’ἀποίνιυθι·

282 3124 438 3190 πυρῆς
457 3156 474 3181 ,
490 3120 660 3181 ξανθὴν
685 3120 979 3190 ἀπεκείρατο
997 3120 1194 3187 χαίτην,
1203 3120 1302 3176 Τήν

283 3202 348 3271 ῥα.
373 3204 622 3269 smnus»
652 3207 868 3269 ποταμῷ
901 3200 1044 3270 τρίφι
1077 3201 1313 3254 τηλεθόω-

285 3280 584 3333 coev.Varro
603 3276 746 3347 apud
765 3279 904 3332 Non.
933 3306 954 3327 ι
975 3280 1162 3349 Itaque
1183 3282 1308 3331 Am·

284 3358 480 3412 bracio
505 3358 740 3428 primum
769 3358 1018 3429 capillum
1049 3360 1308 3429 puerilem

287 3436 596 3509 demptum,
633 3436 762 3489 item
792 3438 958 3490 cirros
992 3438 1060 3491 ad
1102 3438 1308 3509 Aponi-

286 3535 414 3570 nem
439 3535 636 3587 ponere
655 3517 840 3570 solent.
863 3543 886 3564 a
914 3517 1187 3571 Victorius
1210 3518 1306 3571 lib.

287 3597 400 3661 VI,
421 3614 534 3667 cap.
561 3614 588 3647 2
603 3596 654 3650 3.
677 3596 792 3647 Alia
807 3596 1020 3667 quidem
1037 3609 1308 3659 causaest,

289 3695 388 3729 cur
435 3674 578 3747 apud
622 3675 938 3746 Euripidem
978 3676 1160 3741 Mors,
1201 3696 1310 3729 non

290 3754 440 3827 quod
476 3756 691 3809 Servius
736 3768 884 3825 putat
907 3792 924 3819 ,
981 3757 1310 3822 Mercurius,

293 3852 482 3887 eorum
511 3835 706 3905 quibus
731 3835 903 3887 fatalis
929 3834 1140 3888 advenit
1165 3834 1278 3888 dies
1295 3874 1312 3901 ,

293 3915 527 3979 crinem,
575 3913 736 3967 veluti
781 3914 895 3966 Diis
937 3914 1188 3967 Manibus
1232 3934 1312 3967 sa-

295 4011 445 4046 crum
463 4030 480 4055 ‚
523 3992 672 4047 hasta
699 3993 858 4047 libat:
887 4001 1014 4048 Θαν.
1049 3996 1234 4062 Στείχω
1262 3989 1316 4046 δ’

1371 898 1453 949 ὄπ’
1475 896 1651 953 αὐτὴν,
1679 898 1742 957 ὡς
1768 894 2089 966 κατάρξωμαι
2108 895 2244 965 ξίφιι.
2268 888 2396 967 Ῐιρδς

1370 974 1467 1047 γὰρ
1514 968 1651 1037 οὗτος
1706 980 1800 1029 τῶν
1859 974 1995 1028 κατὰ
2041 978 2206 1044 χθονὸς
2245 982 2361 1029 θεῶν
2379 1016 2395 1043 ,

1371 1045 1503 1110 Oxou
1531 1050 1643 1107 τόδ·
1667 1056 1809 1124 ἔγχος
1833 1058 2010 1125 κρᾶτας
2035 1056 2211 1125 ἆγνίστς.
2234 1058 2397 1127 τρίχα..

1372 1135 1460 1188 Ad
1481 1134 1629 1207 quod
1650 1135 1828 1187 allusit
1842 1136 1994 1205 Virg.
2018 1138 2138 1188 AEu.
2153 1136 2255 1199 IV,
2280 1140 2394 1205 696

1375 1233 1489 1287 sqq.
1528 1240 1550 1261 ι
1580 1214 1747 1280 Nam,
1774 1215 1899 1285 quia
1920 1233 2019 1269 nec
2044 1214 2182 1277 fato,
2214 1216 2403 1269 merita

1375 1313 1479 1347 nec
1518 1306 1690 1347 morte
1724 1294 1992 1363 peribat...
2029 1293 2283 1347 Nondum
2322 1295 2403 1347 illi

1377 1372 1575 1427 flavum
1606 1374 1926 1443 Proserpina
1959 1374 2158 1428 vertice
2198 1375 2404 1427 crinem

1377 1454 1711 1517 Abstulerat,
1765 1453 2052 1526 Stygioque
2098 1466 2261 1523 caput
2313 1452 2405 1507 da·

1377 1544 1653 1587 mnaverat
1685 1532 1846 1585 Orco.
1881 1559 1904 1580 ι
1954 1534 2149 1586 Muret.
2187 1532 2243 1585 in
2272 1534 2401 1587 Var.

1381 1632 1498 1685 cap.
1531 1630 1553 1665 ι
1566 1616 1599 1663 6
1612 1651 1627 1676 ,
1647 1608 1719 1663 de
1736 1612 2031 1665 'Vestalium
2066 1612 2325 1683 religione
2342 1632 2406 1671 ac

1380 1690 1653 1755 institutis,
1666 1692 1870 1745 honore
1884 1691 2219 1763 dignatione;
2238 1692 2405 1745 multa

1379 1771 1542 1824 Alex.
1564 1772 1631 1823 ab
1652 1773 1801 1825 Alex.
1828 1772 1997 1836 lib.V,
2024 1790 2071 1824 c.
2096 1790 2119 1824 1
2134 1770 2331 1824 2.vide
2352 1785 2408 1825 et

1382 1850 1629 1905 eumdem
1658 1852 1754 1905 lib.
1785 1854 1863 1917 V,
1894 1870 2013 1922 cap.
2056 1852 2143 1904 18.
2174 1852 2251 1903 Ut
2284 1852 2404 1904 Fla·

1382 1930 1552 1983 mines
1587 1930 1763 1983 Diales
1796 1931 2274 2001 inaugurabautur‚
2327 1931 2404 1985 sic

1381 2009 1733 2079 capiebantur
1761 2011 2025 2071 Vestales,
2060 2009 2357 2080 virginibus
2376 2029 2407 2062 c

1381 2090 1587 2161 populo
1652 2089 1843 2159 viginti
1895 2090 2043 2142 lectis
2066 2126 2083 2153 ,
2136 2089 2411 2142 pontificis

1383 2169 1672 2233 arbitratu,
1703 2187 1767 2220 ac
1796 2168 2073 2222 sortitione
2112 2186 2175 2221 ex
2211 2186 2277 2221 eo
2305 2186 2407 2221 nu-

1385 2266 1535 2301 mero
1562 2248 1617 2299 in
1652 2250 1911 2301 concione
1949 2248 2118 2313 facta,
2162 2260 2224 2301 ut
2258 2250 2411 2319 cujus

1384 2328 1609 2398 virginis
1628 2326 1787 2381 ducta
1810 2340 1969 2392 esset,
2016 2327 2261 2380 Pontifex
2292 2346 2409 2380 eam

1385 2419 1599 2477 caperet
1610 2442 1631 2471 φ
1643 2424 1809 2478 eaque
1824 2408 1997 2461 Vestae
2016 2407 2183 2460 fieret.
2205 2408 2412 2461 Gellius

1386 2488 1485 2539 lib.
1514 2486 1606 2549 11,
1650 2504 1768 2556 cap.
1819 2504 1907 2540 η.
1960 2485 2249 2539 Roevardus
2291 2505 2410 2557 cap.

1398 2582 1467 2634 17
1501 2564 1810 2616 Vax-iorum.
1856 2566 2063 2617 Daue.
2104 2596 2179 2607 —
2234 2567 2412 2617 Vesta·

1389 2644 1507 2694 lium
1537 2682 1549 2692 .
1570 2682 1583 2693 .
1608 2680 1621 2693 .
1644 2642 1864 2712 capillus.
1897 2641 2282 2696 Tondebantur
2306 2662 2413 2708 οε,

1387 2722 1701 2793 priusquam
1750 2721 1807 2773 in
1856 2721 2135 2790 collegium
2189 2736 2415 2793 recepto

1391 2813 1539 2854 certo
1590 2799 1823 2854 carmine
1873 2819 1901 2852 a
1972 2799 2231 2852 Pontifice
2298 2803 2414 2854 Deo

1392 2879 1827 2951 manciparentur
1860 2892 1913 2931 et
1946 2892 2299 2932 sacrarentur.
2327 2880 2417 2934 Sic

1394 2959 1539 3031 apud
1572 2958 1898 3013 Christianos
1926 2956 2239 3030 capillorum
2270 2960 2415 3030 posi·

1395 3041 1471 3093 tio
1498 3042 1551 3093 in
1582 3038 1710 3092 viris
1730 3039 2047 3109 feminisque
2072 3040 2186 3091 Deo
2206 3036 2419 3106 dicatis,

1395 3119 1699 3189 symbolum
1750 3118 2019 3172 servitutis
2066 3130 2175 3183 est,
2216 3136 2319 3190 qua
2364 3138 2419 3171 se

1396 3199 1449 3250 N
1454 3198 1620 3251 nmini
1637 3236 1653 3263 ,
1679 3198 1845 3251 instar
1868 3216 2141 3251 servorum
2158 3234 2175 3262 ,
2216 3199 2421 3252 manci-

1393 3291 1523 3349 pant
1540 3300 1553 3329 :
1571 3276 1715 3331 unde
1728 3277 1864 3331 Servi
1888 3278 1990 3329 Dei
2006 3291 2417 3349 nuncupantur:

1396 3357 1544 3429 quod
1566 3372 1716 3411 erant
1740 3358 1873 3409 olim
1904 3357 2041 3410 servi
2080 3358 2238 3411 tonsi.
2280 3359 2421 3411 Vide

1397 3440 1489 3491 Du
1532 3438 1729 3491 Cluen
1776 3437 1829 3489 in
1864 3437 2098 3490 Glossar.
2122 3438 2289 3490 verbo
2321 3437 2423 3490 Ca·

1391 3517 1524 3588 pilli.
1556 3518 1765 3570 Tonsos
1802 3515 2000 3569 deinde
2048 3518 2221 3569 crines
2261 3516 2421 3589 prisci

1397 3597 1477 3649 illi
1509 3596 1593 3649 vel
1632 3596 1867 3667 Apollini
1913 3597 2094 3661 Delio,
2138 3597 2223 3649 vel
2267 3598 2425 3650 alteri

1391 3676 1624 3729 Numiui
1650 3677 2055 3739 consecrabant,
2089 3677 2172 3729 vel
2204 3694 2425 3750 suspeu-

1399 3755 1598 3810 debant
1625 3773 1687 3809 ex
1714 3756 1923 3808 arbore.
1951 3756 2132 3809 Eun.

1480 3836 1789 3888 Lxxxvl.
1849 3853 1899 3888 1.
1935 3836 1995 3888 In
2036 3835 2316 3887 Vulcanatt.
2360 3836 2423 3890 P.

1404 3914 1594 3968 Victor
1608 3914 1663 3967 in
1696 3912 2048 3985 descriptione
2060 3914 2210 3967 urbis
2224 3915 2425 3971 Roma.

1401 3994 1621 4065 regione
1646 4007 1832 4065 quarta
1864 4012 1877 4045 :
1916 4020 1942 4041 ι
1980 3994 2125 4047 Area
2156 3994 2383 4047 Vulcani
2407 4030 2423 4053 .
