2850 4684
477 380 631 465 430
1013 376 1091 447 c.
1147 376 1496 446 PL1N11
1551 378 1770 447 NAT.
1823 382 2083 451 ms‘r.

476 526 691 580 tarum
730 509 1093 604 patentium
1126 508 1362 596 modo,
1404 522 1482 579 ut
1515 524 1766 581 turmas
1789 514 2082 607 equitum
2105 518 2561 590 transmittant
2585 546 2618 589 z·

478 608 654 711 (111.)
682 614 1026 710 glandiferi
1045 617 1326 685 maxime
1348 618 1610 712 generis
1627 642 1887 705 omnes,
1915 619 2153 713 quibus
2179 620 2398 693 honos
2426 627 2606 721 apud

476 726 815 792 Romanos
852 737 1226 817 perpetuus.

581 807 890 916 111.(1v.)
919 830 1091 898 Hinc
1121 829 1343 898 civicae
1365 829 1664 899 coronae‘
1670 829 2034 918 ‚militum²
2057 834 2316 903 virtutis
2343 836 2600 931 insigne

474 934 949 1006 clarissimum:
970 936 1109 1027 jam
1134 934 1393 1029 pridem
1416 960 1576 1005 vero
1603 950 1669 1005 et
1689 924 2075 1007 clementia?
2101 940 2601 1069 imp⁵erat0rum,

471 1056 847 1137 postquam,
862 1040 1153 1109 civilium
1181 1039 1508 1111 bellorum
1533 1030 1875 1137 profanoffi
1903 1031 2251 1113 meritum⁵
2275 1048 2482 1142 coepit
2509 1052 2600 1117 'vi-

469 1148 647 1234 deri,
683 1148 895 1216 civem
931 1172 1067 1214 non
1102 1146 1421 1217 occidere.
1463 1147 1729 1217 Cedunt
1769 1148 1872 1218 his
1917 1148 2234 1239 murales,
2281 1151 2594 1224 vallares-

469 1280 633 1350 que,
686 1266 755 1323 et
802 1238 1056 1321 aureae⁶
1060 1276 1509 1348 ‚quanquam
1547 1256 1763 1347 pretio
1799 1255 2280 1326 antecedentes.
2329 1260 2598 1329 Cedunt

548 1403 739 1457 111.1.
792 1401 969 1455 Cia-ica
1017 1420 1220 1454 eoronoe.
1274 1402 1485 1455 Corona

462 1502 693 1557 querna,
724 1492 778 1533 et
798 1479 1092 1533 draconum
1126 1480 1487 1533 voluminibus

464 1565 595 1619 olim
623 1560 820 1615 Trivia
852 1561 1065 1626 Dianai,
1098 1566 1188 1621 τῆς
1240 1557 1434 1637 ive-odiat
1463 1595 1481 1623 ,

462 1644 575 1698 aive
585 1636 879 1713 τριοδίτιὸος
898 1676 914 1704 ,
935 1658 1097 1711 quam
1113 1636 1358 1692 ‘eamdem
1370 1658 1482 1693 esee

458 1741 583 1778 cum
630 1721 829 1773 Hecate
877 1719 1164 1790 putabant,
1198 1719 1480 1789 imaginem

458 1819 715 1856 coronare
764 1816 880 1851 mos
931 1798 1049 1851 fuit.
1098 1798 1385 1869 Sophocles
1420 1798 1480 1851 in

454 1879 784 1935 Rhizotomis
792 1876 971 1949 apud
956 1888 1298 1950 interpretem
1313 1878 1479 1949 Apol-

454 1960 635 2013 lonii·
620 1999 634 2011 .
672 1946 788 2010 mu
820 1952 1081 2040 δι’σποτα,
1126 1956 1210 2009 καὶ
1234 1963 1329 2028 πῦρ
1356 1959 1474 2027 ἱερὸν

454 2043 557 2100 Τῆς
595 2031 743 2090 ιίνοὸἱ
729 2056 805 2097 ιας
830 2020 1026 2097 Εκοίτης
1080 2038 1253 2106 φέγγος
1297 2038 1364 2088 Τὸ
1404 2032 1477 2088 δι’

450 2107 690 2189 ὀλῦμπου
728 2117 905 2169 πολλὸν
952 2115 1193 2185 προφέρει.
1242 2114 1343 2167 Καὶ
1380 2120 1474 2185 γῆς

450 2198 620 2250 minuc
626 2195 783 2265 ’ἱιρὰς
799 2188 1039 2263 τριόδους,
1048 2197 1470 2263 Στεφανωσαμίνη

328 2270 338 2283 '
449 2272 627 2345 δρυσὶ,
671 2275 755 2326 καὶ
784 2272 1009 2332 πλεῖς-αις
1036 2274 1179 2341 ὠιιῶν
1219 2274 1471 2343 σπείραισι

450 2352 753 2425 δρακόντων.
777 2350 925 2404 Hanc
941 2369 1197 2404 coronam
1214 2363 1271 2403 ut
1284 2350 1468 2406 inferia

449 2434 579 2499 diis,
611 2432 687 2487 sic
714 2432 871 2485 etiam
900 2430 1078 2483 Parcis
1104 2429 1468 2501 imponebant.

776 2538 800 2560 ι
826 2509 922 2563 His
956 2526 1150 2581 corpus
1180 2510 1468 2565 tremulum

884 2588 1121 2663 undique
1192 2608 1422 2661 quercus
1450 2630 1466 2657 ,

448 2513 693 2569 Catullus
722 2529 736 2566 ε

448 2594 803 2667 complectens

446 2672 689 2728 Candida
705 2670 991 2744 purpureis
1004 2668 1162 2722 ramis
1184 2667 1468 2725 induxerat

444 2773 557 2809 ora.
588 2780 611 2803 ι
640 2750 1071 2824 Purpureis,roic
1094 2752 1311 2819 ἀγλααῖς.
1336 2752 1465 2804 8οΑ-

445 2852 633 2888 monn.
650 2864 730 2874 —
742 2834 877 2885 Hinc
898 2834 1057 2882 civica·
1078 2850 1283 2881 comme.
1298 2829 1349 2883 N
1351 2849 1462 2883 em·

442 2931 513 2985 pe
548 2933 579 2967 e
619 2912 915 2984 glandifero
948 2928 1140 2981 genere
1186 2910 1458 2963 arborum.

441 2992 581 3047 Huic
620 3010 829 3045 coronae
860 2989 1059 3059 duplex
1106 3006 1135 3041 e
1168 3008 1226 3041 re
1262 2990 1472 3043 nomen'

439 3069 668 3125 inditum
695 3090 710 3122 ε
739 3083 800 3123 ut
822 3090 849 3123 a
877 3068 993 3121 cive
1016 3080 1241 3131 servato,
1270 3081 1326 3121 et
1348 3087 1458 3121 ser·

437 3162 620 3203 vatore
642 3150 805 3203 civica
828 3148 1092 3200 diceretur
1114 3164 1127 3198 :
1149 3166 1180 3200 a
1209 3146 1455 3214 materia,

436 3228 582 3283 unde
629 3228 959 3299 plectebatur
978 3266 995 3291 ,
1054 3243 1302 3298 quercea,
1370 3228 1454 3280 vel

435 3326 655 3379 querna.
684 3304 865 3360 Haao.

519 3408 569 3440 2.
590 3388 819 3440 Militum.
848 3386 937 3439 Illi
960 3384 1053 3438 uui
1080 3384 1304 3456 seposita
1334 3384 1451 3439 haec

433 3466 560 3519 olim
588 3484 785 3523 corona
825 3465 956 3530 suit,
997 3466 1092 3536 qui
1128 3482 1158 3516 e
1203 3464 1450 3519 manibus

430 3544 663 3599 hostium
695 3544 865 3597 civem
904 3562 1183 3597 romanum
1222 3545 1448 3615 eripuis·

429 3638 524 3678 set.
556 3624 643 3677 Sic
672 3623 800 3676 olim
835 3624 1122 3677 Coriolano
1143 3622 1288 3687 data,
1308 3644 1446 3695 quo-

426 3703 569 3757 niam
596 3704 671 3757 sic
698 3703 815 3775 lege
847 3716 1059 3757 cautum
1084 3716 1229 3767 erat,
1274 3702 1447 3773 inquit

426 3783 694 3837 Plutarch.
728 3784 784 3835 in
816 3786 930 3855 ejus
950 3783 1097 3846 vita,
1134 3800 1253 3854 pag.
1282 3788 1444 3845 314.

424 3868 602 3916 Τοῦτον
609 3864 719 3937 γὰρ
746 3866 769 3916 ὁ
795 3864 936 3933 νόμος
958 3870 1029 3933 τῷ
1059 3864 1257 3917 πολίτην
1285 3862 1436 3930 ὓπερ·-

422 3942 669 3996 σισπὶσαντ
676 3966 691 3997 ι
728 3948 815 4005 τῆς
855 3940 996 4013 δρυὸς
1025 3942 1176 4011 cuipam
1182 3961 1229 3995 ον
1252 3934 1436 3993 ἀποδέ-

416 4016 594 4077 δωκεν.
620 4020 799 4075 Han.

1656 1402 1710 1455 3.
1758 1402 2034 1456 Clementia
2081 1408 2432 1473 impemtomm.
2485 1406 2596 1461 Hac

1571 1482 1778 1535 ratione
1795 1483 2044 1535 Palatina
2067 1482 2206 1537 aedee
2223 1522 2240 1549 ,
2271 1496 2328 1537 et
2347 1487 2594 1557 Augusto

1569 1579 1772 1631 quercu
1797 1564 2214 1628 coronabantur,
2249 1576 2322 1617 ἰιι
2345 1568 2488 1636 regia
2511 1586 2592 1621 aa·

1570 1658 1812 1705 crorum,
1837 1640 2066 1696 flaminis
2085 1682 2100 1707 ,
2131 1642 2400 1696 Pontificis
2423 1647 2590 1699 maxi·

1569 1718 1676 1785 mi,
1709 1719 1882 1773 lauro.
1926 1720 2080 1774 Alex.
2137 1721 2204 1773 ab
2254 1722 2588 1783 Alexandro.

1564 1796 1672 1853 lib.·
1711 1800 1824 1863 111,
1877 1817 1992 1870 cap.
2043 1818 2132 1869 ²7·
2169 1802 2378 1855 Dmm.
2407 1834 2492 1845 -—
2517 1804 2590 1857 Ee

1563 1878 1837 1931 clementia.
1897 1879 2089 1933 Caeaari
2153 1880 2413 1935 Dictator-i
2469 1896 2592 1953 post

1562 1954 1700 2009 bella
1723 1957 1898 2011 civilia
1911 1956 2178 2013 decretam
2196 1977 2305 2012 esse
2330 1979 2588 2016 coronam

1560 2036 1778 2090 civicam
1809 2076 1826 2102 ,
1867 2049 2132 2109 tamquam
2183 2040 2365 2109 patriai
2411 2058 2588 2095 serva-

1559 2116 1682 2179 tori,
1709 2129 1896 2169 auctor
1915 2129 1994 2170 est
2017 2117 2294 2188 Appianua
2314 2120 2449 2172 Bell.
2465 2121 2587 2175 civ·

1558 2192 1654 2247 lib.
1685 2195 1772 2260 11,
1799 2214 1916 2267 pag.
1944 2203 2058 2265 494
2095 2214 2109 2248 ε
2152 2197 2254 2251 Καὶ
2285 2201 2495 2269 cipum<
2529 2204 2586 2253 ἐκ

1557 2268 1699 2343 δρυὸς
1740 2313 1755 2326 .
1777 2314 1791 2327 .
1808 2313 1820 2327 .
1848 2313 1861 2326 .
1901 2278 1963 2337 ὡς
1991 2280 2171 2345 σωτῆρι
2198 2281 2286 2338 τῆς
2313 2276 2586 2350 πατρίδος.

1556 2350 1636 2404 Ex
1663 2371 1728 2406 eo
1755 2351 1949 2407 deinde
1981 2367 2159 2425 postea
2194 2360 2448 2427 Augustae
2478 2358 2584 2412 do·

1557 2450 1680 2485 mus
1742 2434 2057 2505 sempiterna
2137 2435 2304 2506 gloria
2374 2456 2582 2508 quercu

1555 2512 1982 2589 triumpharunt,
2016 2526 2078 2566 ut
2107 2515 2278 2568 verbis
2314 2528 2435 2570 utar
2467 2519 2582 2571 Va·

1551 2590 1673 2643 lerii
1717 2590 1861 2647 Max.
1901 2591 1996 2644 lib.
2045 2594 2130 2661 11,
2179 2612 2293 2665 cap.
2349 2596 2405 2649 3.
2452 2596 2582 2651 Fuit

1551 2689 1747 2742 nempe
1779 2672 1836 2724 in
1870 2672 2134 2725 vestibulo
2163 2690 2387 2743 quercea
2417 2694 2578 2730 coro-

1550 2768 1636 2805 na.
1665 2748 1846 2802 Haut).

1633 2836 1684 2891 4.
1707 2828 1937 2897 Pmsano.
1955 2830 2162 2883 Scelere
2185 2842 2236 2883 et
2253 2832 2574 2889 calamitate.

1545 2906 1630 2961 Ita
1663 2908 1814 2962 MSS.
1843 2929 2042 2962 omnes.
2069 2910 2251 2963 Ham).

1630 2988 1681 3041 5.
1719 2990 1959 3042 Meritum.
2001 2990 2137 3042 Nam
2179 2990 2570 3060 imperatorum

1543 3066 1874 3121 clementiam
1901 3069 2117 3139 oblique
2142 3071 2481 3141 perstringit,
2501 3071 2572 3125 ad

1541 3143 1598 3197 id
1625 3147 1757 3200 mihi
1786 3150 1926 3201 visus
1957 3146 2218 3211 alludere,
2258 3150 2410 3219 quod
2433 3152 2569 3204 Tul-

1539 3225 1642 3277 lius
1663 3226 1796 3279 dixit
1825 3228 2060 3299 Philipp.
2093 3226 2148 3278 11
2181 3245 2195 3277 ε
2228 3252 2252 3275 e
2294 3228 2463 3293 Quod
2489 3244 2571 3284 est

1539 3304 1714 3370 aliu’d,
1744 3306 1803 3359 P.
1829 3306 1888 3359 C.
1919 3306 2562 3375 beneficiumlatrouum,

1536 3383 1638 3436 nisi
1671 3394 1730 3437 ut
1758 3403 2171 3438 commemorare
2215 3388 2454 3455 possint,
2497 3388 2563 3442 iia

1535 3482 1591 3515 se
1617 3462 1822 3517 dedisse
1851 3466 2036 3528 vitam,
2065 3465 2260 3537 quibus
2295 3485 2402 3520 non
2432 3466 2561 3521 ade·

1535 3544 1748 3596 merint.
1781 3568 1804 3590 a·
1837 3541 2020 3596 Ham).

1617 3626 1668 3675 6.
1713 3624 1788 3675 Ee
1821 3642 1995 3674 aureoe.
2043 3623 2424 3693 Tei-geminum
2468 3626 2557 3681 hic

1533 3718 1740 3754 coronae
1771 3720 1936 3773 genus
1978 3702 2214 3771 intellige
2252 3722 2266 3755 :
2311 3706 2556 3771 murale,

1533 3782 1758 3847 vallare,
1811 3800 2052 3833 aureum.
2100 3782 2188 3833 Sic
2227 3782 2283 3833 in
2332 3786 2558 3839 vetustis

1525 3858 2006 3930 inscriptionibus,
2057 3858 2196 3930 apud
2251 3862 2554 3917 Gruterum

1524 3935 1936 4011 distinguendae,
1968 3958 2086 4011 pag.
2110 3939 2276 4010 375:
2307 3960 2550 3995 conon.

1527 4036 1756 4073 arvium.
1813 4037 2063 4072 vax-max.
2146 4037 2339 4073 avani.
2397 4020 2550 4093 quod
