2850 4684
437 334 484 405 6
495 337 586 407 32

973 340 1049 407 C.
1105 338 1447 409 PLINII
1489 340 1717 407 NAT.
1752 330 2033 407 'HlsT.

433 466 609 537 lotos
645 468 713 535 in
778 469 1048 537 Lucinae
1085 493 1272 557 area,
1319 494 1496 539 anno
1516 466 1537 493 ²
1574 471 1689 563 qui
1734 469 1861 537 fuit
1894 470 2032 537 sine
2072 468 2583 562 magistratibus

438 596 791 645 cccxxxix
837 574 1071 661 Urbis,
1131 574 1270 645 aede
1305 575 1614 663 condita,
1649 576 1987 644 incertum
1998 576 2143 669 ipsa
2177 590 2428 669 quanto
2462 600 2585 644 ve-

439 681 694 749 tustior.
726 682 888 749 Esse
921 680 1191 774 quidem
1223 683 1649 751 vetustiorem
1694 706 1831 749 non
1868 696 1968 749 est
1999 680 2273 749 dubium
2296 706 2577 776 ,quum

429 786 524 853 ⁴ab
549 810 629 854 eo
653 783 804 854 luco
839 788 1090 855 Lucina
1125 773 1546 857 nominetur³
1569 787 1763 858 :haec
1788 812 1967 855 nunc

441 913 664 963 ccccl.
696 891 917 960 habet.
959 894 1311 987 Antiquior
1357 880 1505 963 illa⁵

441 1090 674 1145 Plinium
699 1091 855 1145 etiam
886 1104 1066 1145 testem
1093 1089 1326 1144 adducit.
1355 1092 1462 1145 En.

529 1190 581 1222 a.
611 1172 763 1223 Anno
899 1170 1308 1225 CCCLXXIX.
1338 1172 1464 1236 Quo

445 1268 637 1319 nempe
678 1268 819 1303 anno
863 1250 976 1303 haec
1025 1248 1231 1304 Plinius
1279 1250 1467 1303 litteris

447 1330 815 1399 consignabat,
855 1330 948 1401 qui
990 1330 1096 1382 fuit
1145 1330 1339 1393 Urbis,
1402 1342 1467 1382 ut

445 1408 1046 1499 saepiusadnotavimus,
1063 1408 1466 1475 DCCCXXX,

447 1488 538 1559 qui
567 1506 823 1541 numerus
853 1507 1112 1541 annorum
1147 1506 1211 1543 ex
1243 1500 1466 1561 utraque

449 1567 538 1620 illa
564 1585 771 1620 summa
786 1568 1014 1634 exsistit,
1043 1567 1089 1621 si
1120 1586 1317 1622 annum
1347 1568 1467 1621 uni-

448 1664 572 1699 cum
599 1648 908 1719 exceperis·
938 1648 1328 1719 quamobrem
1313 1666 1358 1701 is
1377 1652 1469 1700 cir·

449 1728 571 1778 citer
587 1739 744 1779 caute
772 1726 978 1797 adjecit.
1013 1728 1078 1779 In
1115 1727 1267 1780 libris
1306 1746 1468 1798 porro

449 1820 575 1858 ante
627 1824 725 1867 nos
775 1805 932 1859 editis
984 1805 1216 1859 detracta
1265 1805 1470 1860 denarii

449 1898 582 1939 nota
612 1885 884 1956 legebatur
917 1885 1078 1939 modo
1119 1885 1469 1939 CCCLXIX.

451 1965 532 2018 Ut
577 1977 630 2019 et
683 1966 754 2016 in
813 1966 967 2019 MSS.
1021 1967 1152 2036 neg.
1217 1965 1366 2035 4763
1419 1978 1473 2019 et

455 2050 638 2114 49723
667 2046 724 2097 in
743 2045 1004 2098 Vaticano
1025 2056 1201 2098 autem
1217 2084 1232 2111 ,
1253 2045 1473 2117 aliisque

455 2124 866 2189 CCCCLXIX,
902 2142 1085 2177 errore
1104 2125 1323 2176 minime
1353 2127 1472 2177 obs·

453 2220 620 2265 curo,
659 2204 741 2256 vel
771 2202 976 2273 duplici
1013 2220 1076 2255 ex
1113 2204 1299 2274 capite.
1331 2204 1469 2255 Nam

453 2295 508 2333 et
552 2295 780 2351 utraque
833 2298 1040 2333 summa
1091 2280 1286 2334 indicat
1325 2282 1469 2336 haud

451 2361 614 2413 dubie
637 2360 837 2412 Plinius
852 2378 1020 2412 annos
1037 2360 1201 2413 Urbis
1217 2358 1443 2414 conditoe
1454 2401 1473 2429 ,

450 2438 520 2493 ad
535 2439 667 2492 illud
684 2458 846 2511 usque
855 2450 1068 2511 tempus
1082 2458 1188 2511 quo
1203 2441 1317 2494 hoec
1327 2460 1473 2494 com·

453 2520 823 2573 mentnbaturz
847 2532 900 2571 et
921 2536 1118 2572 annum
1141 2519 1478 2575 CCCLXIX

451 2618 566 2652 non
631 2600 746 2654 sine
814 2600 1204 2671 magistratibus
1269 2601 1427 2654 fuisse
1458 2640 1472 2664 ,

455 2680 784 2750 Chronologi
809 2698 992 2732 omnes
1010 2679 1357 2742 confitentur,
1380 2680 1475 2733 sed

454 2761 554 2813 sub
632 2758 862 2812 tribunis
916 2759 1141 2812 militum
1209 2760 1474 2813 consulari

455 2852 711 2910 potestate
737 2856 752 2891 ε
779 2856 942 2909 quum
963 2836 1127 2891 iidem
1157 2839 1477 2910 perhibeant

455 2936 597 2971 anuo
631 2918 1030 2972 CCCLXXIX
1066 2920 1299 2988 ἀναρχίαν
1327 2919 1475 2971 illam

458 2998 699 3070 quinque
723 3016 984 3050 annorum
1017 2998 1236 3067 coepisse
1263 3016 1280 3051 ε
1327 2996 1475 3069 quod

456 3076 800 3129 altercatione
824 3088 940 3127 orta
969 3076 1219 3145 patricios
1252 3078 1392 3130 inter
1421 3089 1476 3131 et

456 3156 694 3227 plebeios
711 3194 726 3217 ,
773 3154 845 3207 ob
872 3154 1042 3224 legem
1069 3155 1226 3208 latam
1251 3174 1278 3207 a
1307 3156 1473 3209 tribu-

456 3236 540 3289 nis
567 3234 734 3304 plebis
771 3250 913 3285 enno
945 3234 1238 3300 anteriore,
1266 3235 1334 3287 de
1366 3236 1477 3306 ple-

457 3312 581 3367 beio
600 3314 766 3367 altero
783 3310 1014 3364 creando
1043 3315 1284 3376 consule,
1315 3316 1480 3385 patri·

457 3394 662 3463 busque
731 3391 988 3444 acerrime
1058 3394 1436 3447 obsistentibus
1460 3434 1475 3460 ,

457 3472 667 3525 nullum
695 3470 932 3523 curulem
953 3473 1308 3541 magistratum
1336 3475 1475 3544 passi

459 3562 583 3603 sunt
615 3550 734 3603 fleri
763 3550 981 3603 tribuni.
1016 3551 1195 3604 Huic.

543 3630 596 3683 3.
617 3630 801 3681 Lucina
823 3632 1100 3683 nominetur.
1117 3631 1340 3697 Lucina,
1365 3630 1477 3685 sive

453 3709 674 3763 ‘Lucetin
693 3746 708 3771 ,
749 3708 894 3762 Juuo
944 3710 1058 3762 aliis
1111 3708 1327 3772 dicitur.
1380 3710 1475 3762 Ti·

457 3788 607 3841 bullo
633 3786 832 3841 Natalis
853 3826 870 3851 ,
917 3788 1116 3841 Grecis
1139 3789 1330 3859 γενναῒς
1347 3829 1364 3853 ,
1395 3789 1479 3842 vel

455 3867 724 3935 rosseum:
740 3906 754 3931 ,
777 3867 894 3919 aliis
909 3868 1076 3921 Diana
1089 3906 1104 3932 ,
1124 3888 1241 3940 qua
1259 3882 1314 3922 et
1329 3870 1481 3925 Εἰλεί-

457 3952 565 4001 θυικ
579 3986 594 4013 ,
609 3949 846 4009 absurdae:
863 3985 878 4013 ,
893 3950 1178 4016 μογοςόκος,
1190 3950 1473 4019 προθυμία,

1974 772 2000 816 ⁴
2028 802 2289 856 Clrclter
2314 812 2577 856 annum

1550 907 1686 978 est3
1743 893 1857 963 sed
1898 894 2146 963 incerta
2194 892 2344 986 ejus
2372 908 2531 963 aetas
2552 946 2577 977 ‚

1552 1104 1774 1162 utraque
1808 1090 1881 1143 sic
1906 1089 2208 1155 nominata,
2231 1089 2313 1142 vel
2349 1108 2381 1142 a
2418 1090 2579 1155 luco,

1551 1182 1615 1223 ut
1626 1183 1808 1223 auctor
1826 1169 2033 1241 putavit
2046 1205 2063 1230 ,
2090 1168 2173 1221 vel
2189 1188 2221 1221 a
2234 1170 2356 1221 luce
2370 1206 2386 1227 ‚
2410 1187 2575 1240 quam

1552 1268 1733 1303 recens
1774 1250 1910 1302 natis
1946 1249 2177 1319 prebet,
2232 1262 2286 1301 et
2317 1248 2577 1320 quoniam
2618 1302 2625 1305 ,

1552 1342 1837 1399 partuum,
1868 1328 1963 1400 qui
1996 1326 2173 1381 adhuc
2192 1339 2347 1381 utero
2370 1340 2578 1399 gestan-

1552 1422 1659 1471 tur,
1687 1426 1890 1463 menses
1916 1408 2071 1479 regit.
2094 1408 2363 1473 Catullus,
2392 1410 2575 1461 Carm.

1551 1506 1711 1541 xxxiv
1727 1526 1742 1552 ‚
1768 1506 1844 1541 vr..
1868 1494 1934 1551 14
1958 1508 1969 1539 :
1999 1513 2022 1535 ι
2038 1488 2122 1539 Tu
2156 1486 2355 1540 Lucina
2383 1484 2571 1539 dolen·

1551 1568 1692 1620 tibus
1718 1568 1753 1619 J
1758 1586 1864 1620 uno
1884 1565 2027 1620 dicta
2048 1568 2337 1637 puerperis.
2354 1593 2377 1614 ι-
2409 1563 2572 1619 Ovid.

1525 1648 1755 1701 ‘Faston
1784 1647 1883 1700 lib.
1918 1647 1976 1699 11
1998 1682 2016 1709 ,
2055 1664 2133 1699 vs.
2169 1652 2279 1715 649
2322 1657 2378 1698 et
2426 1664 2571 1717 seqq.

1558 1726 1783 1780 -Gratia
1826 1727 2077 1779 Lucina:
2126 1723 2275 1778 dedit
2316 1724 2429 1778 hnc
2477 1726 2575 1778 tibi

1552 1806 1768 1859 nomina
1814 1805 1995 1869 lucus,
2042 1805 2157 1857 Aut
2208 1804 2332 1875 quia
2374 1804 2576 1875 princi·

1554 1884 1706 1958 pium
1730 1897 1789 1938 tu
1805 1924 1822 1951 ,
1844 1887 1956 1938 Dea
1972 1922 1987 1947 ‚
2014 1885 2147 1938 lucis
2166 1883 2347 1936 habes.
2378 1886 2547 1937 Parce
2562 1924 2579 1951 ,

1554 1981 1773 2037 precor,
1811 1963 2074 2036 gravidis,
2126 1963 2292 2016 facilis
2336 1964 2538 2016 Lucina
2558 2001 2576 2027 ,

1556 2044 1773 2116 puellis;
1814 2046 2191 2114 Maturumque
2221 2055 2373 2095 utero
2400 2042 2577 2095 molli·

1554 2135 1637 2176 ter
1648 2124 1783 2176 effer
1794 2142 1946 2179 onus.
1966 2148 1987 2171 ι
2004 2121 2153 2177 Idem
2166 2124 2295 2175 Met.
2310 2122 2411 2187 lx,
2432 2122 2537 2176 283
2558 2140 2575 2175 τ

1562 2228 1587 2250 ι
1604 2203 1941 2274 Praepositam
2002 2200 2206 2255 timidis
2250 2201 2581 2273 parientibus

1553 2282 1827 2353 Ilithyiam.
1852 2308 1874 2329 ι
1902 2282 2130 2335 Theocr.
2167 2282 2225 2334 iu
2254 2280 2537 2352 Daphnide
2560 2300 2575 2332 z

1555 2364 1769 2430 χαλεπὸν
1795 2363 1931 2429 eno<
1950 2363 2233 2422 Εἶλιιθυῑας.
2250 2361 2502 2431 Orpheus
2523 2361 2581 2413 iu

1557 2441 1773 2514 hymnis
1816 2460 1830 2495 :
1874 2433 2085 2512 Ᾰρτεμις
2132 2442 2373 2504 Εῡιείθιρια
2414 2442 2498 2493 καὶ
2542 2440 2576 2495 ἦ

1560 2522 1716 2591 σεμνὴ
1738 2522 2021 2591 προθυραῖα.
2042 2520 2301 2573 Fabulosa
2326 2520 2495 2572 multa
2514 2519 2583 2571 de

1559 2602 1823 2669 Eileithya
1853 2599 1976 2652 vide
2002 2599 2149 2669 apud
2178 2600 2487 2652 Pausaniam
2524 2598 2581 2651 in

1559 2678 1847 2733 Arcadicis.
1871 2679 2041 2731 Lilius
2060 2678 2349 2749 Gyraldus.
2366 2680 2579 2739 Δυσῖζω·

1558 2778 1634 2811 νον
1684 2759 1841 2810 etiam
1864 2755 2081 2829 quidam
2114 2772 2465 2829 vocaverunt,
2508 2758 2580 2810 ὅτι

1557 2840 1657 2891 λύει
1668 2840 1723 2891 τὸ
1741 2840 2020 2907 ἐσφιγμένον
2036 2842 2133 2889 τῶν
2142 2834 2583 2908 κόλπωνλῖὶιοᾶἰς.

1557 2917 1654 2968 lib.
1684 2917 1959 2983 xxvlu,
2006 2935 2125 2987 cap.
2164 2924 2254 2977 ²6·
2290 2916 2501 2969 Dicitur
2530 2928 2584 2968 et

1560 2996 1877 3049 Marcellino
1896 2998 2196 3067 ἐρσολοχεὶα,
2212 2994 2351 3067 παρὰ
2372 2999 2429 3048 τὸ
2444 2997 2583 3066 epm,

1560 3081 1697 3127 τοῦτ’
1722 3078 1841 3139 few,
1862 3078 2067 3146 ὀτρύνειν
2090 3077 2176 3133 τὴν
2187 3076 2402 3143 λοχεὲαν.
2416 3073 2580 3131 Hadr.

1564 3154 1691 3207 Jun.
1733 3156 1827 3208 lib.
1860 3156 1982 3220 IV,
2028 3174 2144 3226 cap.
2180 3158 2271 3209 23.
2314 3156 2483 3208 Plaut.
2528 3155 2585 3207 iu

1565 3233 1792 3287 Trucul.
1822 3260 1843 3281 ι
1864 3236 1994 3287 Date
2036 3235 2168 3288 mihi
2203 3235 2315 3289 huc
2346 3246 2587 3301 stactem,

1564 3326 1723 3385 atque
1750 3314 1926 3383 ignem
1952 3314 2181 3371 inarum
2202 3354 2219 3381 ,
2258 3327 2316 3367 ut
2346 3313 2589 3367 venerer

1565 3393 1820 3447 Lucinam
1849 3392 2020 3447 deam.
2052 3418 2073 3441 a
2112 3394 2181 3447 Et
2226 3394 2388 3464 paulo
2416 3406 2537 3465 post
2566 3412 2581 3445 z

1569 3498 1593 3521 ι
1623 3511 1776 3525 .....
1816 3472 1897 3525 fer
1940 3472 2047 3525 huc
2087 3474 2373 3526 verbenam
2419 3470 2585 3537 mihi,

1564 3552 1715 3617 thus,
1744 3562 1798 3605 et
1822 3550 2039 3605 bellaria
2068 3572 2083 3605 ι
2110 3554 2243 3606 Date
2265 3570 2456 3623 aquam
2480 3570 2588 3604 ma-

1564 3632 1739 3685 nibus.
1769 3657 1792 3679 1·
1824 3633 2031 3685 Diuo.

1651 3718 1703 3775 4.
1732 3710 1857 3763 Hoec
1882 3729 2023 3763 nunc.
2048 3707 2207 3762 AEdes
2228 3710 2458 3765 Lucina.
2479 3710 2545 3765 R.

1652 3791 1704 3843 5.
1728 3791 1991 3861 Antiquior
2018 3790 2121 3842 illa.
2157 3790 2340 3842 Arbor
2357 3788 2585 3854 scilicet,

1568 3871 1955 3941 cujuscumque
1978 3870 2067 3923 illa
2092 3868 2299 3940 generis
2329 3870 2447 3922 fuit.
2486 3870 2585 3922 Fe-

1566 3962 1675 4003 stus
1706 3968 1719 3999 :
1750 3972 1773 3995 κ
1792 3948 2098 4020 capillatam
2116 3986 2133 4015 ,
2154 3949 2240 4001 vel
2267 3948 2582 4021 Capillarem
