2850 4684
470 386 613 467 luo

1008 384 1087 451 C.
1144 382 1476 451 PLlNll
1528 380 1737 449 NAT.
1787 382 2048 449 HIST.

467 499 663 609 pia¹⁸‚
690 512 947 599 laurea,
982 512 1279 583 nardina.
1318 516 1377 581 A
1408 527 1712 607 tempore
1733 509 1806 599 ¹⁹,
1831 511 2188 581 hordearia
2215 536 2231 579 ε
2261 534 2304 579 a
2325 512 2376 537 '⁶'
2404 510 2599 595 collo,

467 618 907 715 ampullacea:
938 642 977 687 a
1019 620 1201 689 corio
1236 617 1522 707 laneo'¹,
1567 620 1784 688 bruta.
1827 616 2316 704 Gentilitatis²⁸,
2357 642 2598 687 cucur-

466 726 719 795 bitina:
763 724 1054 812 acidula,
1110 727 1311 795 succi.
1370 728 1636 796 Incerta
1671 725 2016 795 nominum
2055 748 2257 795 causa
2307 739 2409 795 est
2449 724 2600 793 bar·

396 822 401 827 ⁸
465 832 741 919 baricis»,
795 834 1243 926 Venereisque
1272 821 1353 917 ²³,
1402 858 1552 927 quae
1603 831 1896 901 colorata
1947 830 2262 901 dicuntur
2307 856 2324 899 ε
2369 832 2600 924 regim,

465 964 611 1033 quae
644 940 917 1009 minimo
953 938 1261 1033 pediculo
1296 939 1540 1009 sessilia
1561 929 1611 974 ²⁴
1641 964 1656 1007 ε
1685 926 2408 1033 patriciis‚voeoniis²⁵‚
2439 939 2600 1005 viri·

465 1044 659 1115 dibus
700 1043 1156 1140 oblongisque.
1198 1048 1522 1116 Praeterea
1567 1044 1732 1114 dixit
1777 1042 2038 1113 volema
2057 1032 2106 1071 ²⁶
2134 1042 2456 1137 Virgilius
2474 1044 2520 1083 ²⁷
2559 1066 2602 1110 a

462 1291 799 1347 commendat
820 1292 1123 1347 Columella
1148 1332 1163 1359 ,
1202 1292 1297 1347 lib.
1340 1292 1448 1345 ΧΠ
1466 1331 1482 1356 ,

463 1390 582 1445 cap.
623 1392 711 1427 n.
740 1374 810 1427 H.
846 1404 923 1415 -·-
948 1374 1218 1442 Pur-putea.
1246 1370 1484 1425 Laudata

464 1452 709 1524 inprimis
734 1470 765 1505 a
792 1452 1089 1505 Columella
1105 1492 1122 1518 ,
1152 1452 1245 1505 lib.
1268 1453 1341 1517 V,
1364 1470 1483 1522 cap.

468 1550 533 1587 10
549 1572 565 1598 ,
588 1552 709 1605 pag.
734 1550 862 1585 ιω.
886 1532 1070 1585 Hann.

546 1612 639 1667 18.
664 1612 913 1683 Myr-apia.
944 1609 1098 1665 Celso
1120 1628 1333 1682 quoque
1360 1622 1488 1663 nota

460 1690 577 1745 haeo
615 1694 655 1746 l.
710 1710 756 1744 c.
810 1692 893 1745 Ab
948 1688 1201 1761 unguenti
1274 1688 1442 1741 odore
1467 1726 1484 1747 ‚

465 1770 612 1843 quod
640 1769 816 1825 Graeci
856 1770 999 1841 μύρον
1024 1781 1215 1823 vocant
1232 1802 1250 1831 ‚
1288 1787 1484 1821 nomen

463 1864 697 1915 traxere,
747 1863 807 1903 ut
852 1869 879 1903 a
924 1848 1075 1901 lauro
1094 1881 1111 1908 ‚
1163 1847 1438 1922 nardoque
1471 1886 1486 1913 ,

459 1931 641 1983 laurea
652 1968 667 1993 ,
682 1926 1028 2001 nardinaque.
1046 1928 1289 2001 Myr-apia
1302 1932 1487 1999 ,poires

453 2012 693 2079 parsum.
718 2008 923 2061 Laurea
964 2008 1241 2061 Macrobio
1262 2021 1415 2071 uota,
1441 2007 1478 2061 l.
1561 2038 1572 2049 ·

458 2106 506 2143 c.
528 2089 710 2143 Hann.

548 2184 636 2235 19.
662 2168 717 2219 A
744 2178 965 2237 tempore.
995 2164 1265 2231 Quoniam
1293 2162 1484 2217 eodem

460 2259 697 2317 tempore
730 2244 1107 2315 decerpuntur,
1138 2263 1246 2317 quo
1287 2242 1488 2297 demeti

459 2323 719 2379 hordeum
745 2324 892 2377 solet.
940 2323 1143 2377 Eadem
1172 2342 1325 2376 causa
1364 2342 1482 2395 cap.

466 2427 485 2457 x
500 2425 529 2459 a
546 2443 564 2470 ‚
590 2422 760 2475 pruna
780 2402 1054 2457 hordearia
1074 2404 1356 2475 appellata.
1376 2406 1483 2459 Co·

457 2484 686 2536 lumellae
702 2522 716 2547 ,
745 2483 780 2534 l.
805 2502 850 2537 c.
872 2482 1177 2537 Hordeacea
1202 2483 1319 2554 pira
1338 2484 1484 2537 voci-

456 2576 653 2629 tantur,
662 2566 827 2633 poio-es
852 2562 907 2617 S.
935 2564 1075 2619 Jean.
1106 2562 1287 2617 Hinu.

542 2662 629 2695 ao.
683 2645 739 2697 A
790 2645 930 2697 collo.
983 2646 1117 2709 Quae
1166 2643 1485 2713 oblongiore

456 2724 623 2783 colle.
649 2724 808 2794 quale
854 2738 931 2777 est
980 2724 1091 2779 fere
1134 2724 1382 2794 ampullae
1404 2722 1484 2776 vi-

454 2816 593 2857 treas.
622 2803 809 2857 Hino.

540 2901 625 2935 αι.
660 2882 716 2935 A
758 2887 890 2936 corio
926 2884 1065 2938 laneo
1085 2923 1102 2950 ,
1144 2884 1306 2935 bruta.
1350 2882 1486 2949 Quae

455 2964 661 3017 corium
672 2963 870 3017 habent
884 2964 1275 3033 lanuginosum,
1290 2962 1483 3015 bruto-

454 3061 576 3097 rum
603 3043 948 3097 animantium
974 3062 1150 3105 more,
1185 3056 1237 3095 et
1274 3043 1484 3112 pecoris

453 3122 647 3187 lanati,
660 3124 769 3176 sive
789 3122 1107 3194 lanuginosi.
1132 3123 1265 3174 Sunt
1280 3140 1406 3174 sane
1430 3134 1484 3175 et

455 3202 507 3255 in
534 3204 777 3275 pirorum
806 3222 998 3273 genere
1027 3202 1367 3271 lanuginosa,
1398 3203 1480 3255 uti

456 3282 748 3347 malorum,
799 3300 916 3353 quae
942 3282 1011 3333 ob
1040 3279 1093 3332 id
1122 3280 1294 3332 lanata
1336 3278 1480 3334 dicta

454 3375 608 3426 sunt,
638 3380 756 3431 cap.
810 3366 899 3423 14.
948 3390 1027 3401 —-
1056 3358 1111 3411 Α
1143 3363 1291 3411 corio.
1324 3360 1478 3414 Prius

452 3441 747 3512 legebatur,
786 3465 809 3487 «ι
859 3441 905 3489 Α
934 3438 1071 3490 collo
1103 3440 1428 3511 ampullacea
1457 3478 1473 3505 ‚

454 3533 505 3573 et
528 3520 825 3587 Coriolana.
844 3519 1018 3571 Brutae
1046 3520 1346 3588 gentilitatis
1380 3539 1474 3571 cu·

454 3600 733 3653 cui-bitina.
804 3620 827 3642 ι
890 3600 939 3651 A
986 3598 1127 3650 collo
1190 3598 1478 3653 Coriolana

451 3672 903 3749 quemadmodum
952 3676 1057 3730 dici
1098 3685 1295 3749 possint
1320 3717 1335 3742 ,
1384 3691 1477 3731 aut

450 3752 579 3827 quid
604 3756 669 3807 sit
684 3756 839 3807 bruta
862 3757 1153 3825 gentilitas,
1175 3778 1242 3811 ne
1266 3756 1479 3829 Pythia,

450 3832 642 3898 credo,
657 3834 769 3905 ipsa
786 3833 997 3889 dixerit.
1016 3837 1219 3889 Tamen
1244 3835 1299 3887 iu
1320 3838 1475 3891 MSS.

450 3928 497 3965 ee
512 3914 777 3969 Coriolana
798 3912 941 3967 bruta
970 3935 987 3969 .-
1012 3933 1115 3987 qua
1138 3916 1363 3969 lectione
1378 3934 1477 3987 po-

452 3996 557 4049 tior
584 3995 751 4049 multo
773 3995 883 4049 visa
900 4008 977 4049 est
1006 3994 1159 4049 nobis
1175 3996 1478 4067 conjectura

1573 1282 1768 1345 no‘stra.
1801 1290 1937 1345 Nam
1981 1303 2036 1342 et
2071 1308 2100 1343 a
2133 1291 2280 1343 corio
2305 1288 2445 1343 duro
2467 1292 2602 1345 fiens

1573 1370 1859 1441 appellans
1871 1370 2002 1425 olim
2025 1368 2228 1425 Plinius
2245 1370 2366 1440 ipse
2375 1370 2562 1441 prodit
2581 1410 2598 1436 ,

1571 1450 1699 1503 libri
1725 1449 1884 1521 hujus
1910 1468 2029 1519 cap.
2058 1467 2124 1517 19
2143 1488 2158 1513 ‚
2185 1461 2238 1502 et
2255 1468 2285 1502 a
2306 1450 2460 1503 laneo
2479 1452 2600 1522 qni-

1574 1527 1695 1581 dem
1737 1528 1853 1599 pira
1887 1530 2043 1581 bruta
2083 1530 2453 1600 cognominari
2489 1550 2598 1585 non

1573 1620 1776 1661 temere
1817 1609 2183 1679 suspicamur,
2235 1608 2483 1663 translata
2531 1610 2600 1663 ab

1571 1687 1889 1741 animalibus
1916 1686 2169 1741 videlicet
2199 1706 2258 1741 ea
2291 1688 2600 1747 nomencla-

1574 1766 1751 1832 tione,
1800 1785 2028 1840 quorum
2071 1768 2244 1821 lanata
2273 1785 2436 1839 quam
2467 1769 2598 1821 stul·

1575 1846 1810 1911 tissima;
1859 1859 1920 1900 ut
1948 1846 2146 1901 dictum
2195 1860 2274 1901 est
2301 1847 2399 1901 lib.
2433 1848 2598 1913 vm,

1572 1944 1688 1999 cap.
1719 1926 1811 1997 75.
1835 1926 2017 1979 Hnm.

1659 2028 1745 2061 υ.
1763 2006 2082 2060 Genu'lieatis.
2104 2006 2239 2061 Sunt
2254 2004 2450 2061 deiude
2464 2006 2599 2077 pira,

1572 2084 1774 2157 inquit,
1821 2085 2156 2157 gentilitatis,
2207 2105 2300 2139 seu
2327 2086 2600 2141 affinitatis

1571 2165 1794 2218 nomine
1823 2184 1946 2219 cum
1987 2166 2284 2219 cucurbitis
2322 2166 2552 2239 insignia
2579 2186 2593 2219 :

1564 2250 1724 2315 paim
1779 2264 1976 2315 com-ges
1996 2265 2014 2297 :
2043 2246 2110 2299 ab
2151 2246 2380 2317 oblonga
2413 2264 2599 2299 cucur-

1571 2324 1696 2377 bitae
1724 2324 1912 2394 figura.
1934 2324 2141 2383 Horum
2185 2326 2319 2381 Cato
2355 2326 2600 2379 meminit

1571 2422 1688 2479 cap.
1707 2422 1786 2457 vn
1803 2444 1819 2469 ,
1839 2424 1955 2475 pag.
1977 2404 2063 2457 13.
2079 2404 2164 2457 Sic
2189 2422 2352 2477 poma
2371 2406 2595 2476 melapia

1572 2502 1602 2535 a
1649 2484 1978 2554 cognationis
2030 2502 2188 2537 causa
2247 2504 2367 2555 sup.
2421 2487 2593 2557 oepite

1571 2563 1788 2617 traxisse
1826 2582 2028 2617 nomen
2083 2562 2354 2617 dicuntur.
2403 2566 2475 2619 Η.

1657 2644 1747 2697 23.
1779 2644 1835 2693 V
1825 2646 2090 2715 caet-eisque
2102 2684 2117 2708 ,
2141 2664 2249 2715 quoe
2279 2644 2496 2698 colorata
2516 2644 2589 2697 da·-

1571 2734 1759 2775 cemtur.
1787 2722 1992 2775 Laudat
2019 2722 2132 2776 haeo
2161 2722 2445 2779 Columell.
2477 2724 2514 2779 l.
2547 2744 2592 2779 c.

1571 2816 1625 2855 et
1655 2802 1833 2875 Regia.
1869 2802 2048 2855 Ham).

1655 2889 1746 2945 ²4·
1775 2882 1987 2935 Sos-tilia.
2025 2882 2208 2935 Minus
2233 2882 2486 2953 oblonga,
2524 2897 2596 2937 at·

1570 2980 1673 3034 que
1703 2960 1836 3014 adeo
1862 2962 2190 3033 compactilis
2217 2960 2560 3017 rotunditatis
2579 3002 2594 3029 ,

1569 3060 1754 3114 sapore
1781 3042 2048 3113 proestanti
2080 3060 2094 3094 ε
2127 3060 2274 3095 nuno
2319 3042 2518 3097 habent
2565 3062 2593 3097 a

1567 3120 1825 3192 Bet-gamo
1873 3120 2037 3175 Italiae
2076 3118 2285 3191 oppido
2340 3140 2538 3175 nomen
2569 3162 2588 3187 ‚

1560 3204 1720 3273 poe'res
1744 3200 2055 3269 bergomates.
2085 3201 2274 3254 Hann-

1653 3286 1739 3333 25.
1775 3280 2018 3333 Voconiis.
2070 3281 2226 3333 Colb.
2267 3298 2290 3333 ι
2326 3318 2342 3343 ,
2379 3300 2443 3345 a,
2485 3280 2586 3335 Th.

1565 3360 1750 3413 chiffl.
1777 3363 1992 3412 voc-imis.
2049 3358 2250 3413 Eadem
2294 3358 2490 3413 viridia
2538 3374 2590 3413 et

1564 3440 1810 3511 oblonga.
1835 3440 2019 3493 Hane.

1649 3524 1740 3572 26.
1765 3520 1982 3572 Volema.
2011 3518 2173 3585 Quod
2200 3518 2378 3573 volam
2407 3538 2594 3575 manus

1563 3598 1816 3669 impleant
1857 3620 1870 3651 :
1902 3598 2083 3653 eadem
2114 3598 2375 3662 fortassis,
2397 3618 2514 3669 quae
2541 3612 2590 3651 et

1563 3678 1776 3731 libraria
1795 3696 1952 3748 supra
1996 3697 2114 3751 cap.
2155 3698 2218 3731 11
2271 3680 2430 3751 hujus
2467 3678 2590 3731 libri

1566 3756 1838 3811 dicuutur.
1871 3760 2072 3811 Danae.

1647 3858 1735 3907 ²7-
1771 3838 2022 3907 Vis-ge’lius.
2055 3838 2198 3907 Loeo
2247 3851 2372 3890 ante
2413 3838 2586 3889 allato.

1566 3916 1700 3971 Sunt
1725 3930 1897 3971 autem
1943 3916 2178 3981 volema,
2226 3935 2344 3989 quo
2385 3916 2588 3973 libralia

1565 3998 1804 4069 superius
1829 3998 1976 4055 velut
2004 4016 2034 4051 a
2059 3994 2300 4068 pondere
2323 3996 2588 4069 appellata
