2850 4684
1017 374 1336 443 LIBER
1381 374 1564 443 ΧΗ.
2256 376 2347 475 59

213 492 490 601 (Σίρι-333
533 504 926 577 maleficum
981 504 1140 576 alias
1201 498 1565 577 frondibus·
1592 502 1874 591 animal,
1912 509 2343 583 odoratorum

215 637 358 681 vero
413 612 751 683 fruticum
805 614 1266 751 appetentius,
1299 628 1640 709 tamquam
1678 612 2047 709 intelligant
2096 622 2343 712 pretia,

211 721 578 813 germinum
643 718 866 790 caules
955 719 1271 815 praedulci
1315 719 1572 815 liquore
1614 734 1955 815 turgentes
1978 774 1998 807 ,
2030 722 2343 795 distillan-

209 840 462 921 temque
493 826 588 895 ab
631 827 742 895 his
769 815 1014 919 (casus
1039 812 1371 897 mixtura⁵
1401 816 1429 914 )
1460 851 1735 897 succum
1764 828 2073 922 improbo
2100 830 2340 901 barba-

207 956 344 999 rum
383 930 550 1003 villo
599 934 1031 1028 abstergere:
1081 933 1264 1003 hunc
1313 931 1666 1031 glomerari
1705 932 1983 1028 pulvere
2004 984 2023 1021 ,
2081 924 2344 1033 incoqui

207 1036 388 1107 Sole:
417 1053 491 1109 et
513 1040 674 1114 ideo
705 1040 778 1109 iu
805 1038 1046 1129 ladano
1076 1056 1429 1135 caprarum
1458 1038 1627 1135 pilos
1660 1064 1803 1111 esse
1830 1064 1846 1109 ε
1882 1040 1997 1111 sed
2036 1040 2168 1113 hoc
2202 1070 2339 1115 non

209 1142 352 1213 alibi
393 1145 542 1215 fieri
565 1198 588 1231 ‚
627 1170 837 1242 quam
877 1147 947 1215 in
985 1146 1314 1219 Nabataeis
1325 1132 1375 1234 ⁶,
1409 1148 1525 1241 qui
1568 1160 1725 1216 sunt
1776 1171 1859 1216 ex
1900 1146 2145 1218 Arabia
2178 1174 2343 1219 con·-

210 1252 462 1320 termini
507 1254 750 1349 Syriae.

301 1358 746 1431 Recentiores
787 1384 870 1429 ex
895 1358 1296 1432 -auctoribus
1337 1358 1653 1441 strobon⁷
1698 1358 1833 1429 hoc
1873 1376 2121 1431 vocant
2139 1414 2159 1447 ‚
2212 1375 2345 1431 tra·
2385 1416 2417 1447 2

207 1462 492 1559 dantque
535 1465 753 1535 silvas
796 1466 1094 1535 Arabum
1139 1480 1336 1561 pastu
1385 1490 1741 1560 caprarum
1796 1466 2104 1561 infringi,
2150 1482 2349 1563 atque

213 1570 290 1637 ita
343 1596 622 1641 succum
687 1570 857 1641 villis
912 1572 1344 1642 inhaerescere
1386 1598 1402 1641 ε
1462 1596 1698 1642 verum
1744 1587 1966 1641 autem
2028 1572 2342 1657 ladanum

211 1678 400 1771 Cypri
469 1677 714 1749 insulae
779 1702 922 1749 esse
985 1671 1106 1770 (ut
1177 1680 1395 1749 obiter
1450 1704 1729 1775 quaeque
1769 1704 2029 1773 genera.
2058 1680 2342 1754 odorum

213 1780 498 1853 dicantur
511 1838 531 1865 ‚
575 1787 892 1879 quamvis
925 1810 1063 1854 non
1093 1800 1424 1855 terrarum
1462 1785 1694 1854 ordine
1720 1774 1791 1877 ):
1842 1785 2139 1857 similiter
2156 1773 2179 1811 ⁸
2212 1788 2344 1859 hoc

213 1901 274 1957 et
311 1889 400 1957 ibi
449 1890 608 1960 fieri
648 1890 925 1961 tradunt
945 1944 966 1981 ‚
1020 1906 1088 1961 et
1143 1916 1288 1962 esse
1334 1890 1672 1987 oesypum⁹
1720 1890 2061 1962 hircorum
2120 1892 2343 1964 barbis

214 1996 608 2093 genibusque
669 1996 936 2069 villosis·
973 1998 1233 2070 hoerens
1257 2050 1277 2083 ,
1341 1997 1461 2069 sed
1511 1996 1726 2070 ederae
1776 1997 1942 2069 flore
1971 1996 2020 2022 ¹⁰
2069 1999 2307 2075 deroso
2322 2054 2343 2089 ‚

215 2234 362 2287 quos,
403 2220 718 2275 maleficum
762 2220 960 2273 animal
986 2257 1004 2285 ‚
1059 2239 1231 2291 capro

215 2292 412 2351 rodunt.
433 2298 568 2352 Vid.
593 2310 710 2352 not.
739 2298 825 2351 13.
844 2300 1028 2354 Ham.

289 2374 336 2427 3.
365 2378 569 2450 Capm.
621 2377 882 2433 Herodot.
919 2380 1036 2445 111,
1087 2398 1233 2434 112:

215 2456 274 2507 Τὸ
287 2450 343 2508 δί
359 2452 424 2515 δὴ
444 2456 667 2515 λήδανον
681 2496 700 2524 ,
720 2459 777 2512 τὸ
799 2451 1005 2530 Ᾰρσὶΰιοι
1025 2461 1231 2513 καλέου-

221 2551 264 2585 σι
281 2532 504 2607 λάδανον,
527 2541 608 2592 ἔτι
629 2538 803 2591 τοίη-ου
829 2540 1228 2611 θωυμασιώτιρον

217 2612 412 2681 γίνεται·
438 2619 486 2670 ἐν
506 2618 612 2691 γὰρ
643 2615 1008 2691 δυσοδμοτάτῳ
1035 2621 1230 2691 γινόμε-

222 2712 320 2761 νον,
340 2694 649 2761 tiodiem-dv
683 2700 760 2759 tes
779 2721 791 2734 ·
825 2706 920 2755 τῶν
951 2698 1045 2770 γὰρ
1075 2701 1228 2771 αἰγῶν

223 2778 307 2825 τὸν
345 2766 423 2843 (τι
453 2796 517 2832 ex
547 2780 860 2850 conjectura
877 2770 1228 2849 Tidemanni)

222 2854 391 2925 τρίγυν
433 2860 480 2911 iv
523 2861 662 2913 τοῖσι
705 2857 912 2929 πώγωσι
950 2860 1226 2929 nuptant-a:

227 2932 518 3007 ἔγγινόμινον,
540 2932 640 2992 οἷον
661 2940 821 3008 γλοιὸς
845 2940 944 2993 ἀπὸ
973 2944 1060 3001 τῆς
1087 2940 1223 3002 ὕλης·

223 3012 430 3086 χρήσιμον
449 3014 502 3071 δ’
520 3022 575 3081 3<
605 3017 769 3073 πολλὰ
800 3024 898 3072 τῶν
927 3018 1088 3091 μύρων
1117 3020 1227 3085 ici,

227 3108 268 3143 κ.
291 3112 335 3146 τ.
355 3100 400 3148 λ.
427 3098 534 3151 En.

294 3178 324 3235 ⁴
371 3174 646 3233 Geminum
664 3178 840 3233 caules.
855 3178 962 3231 vel
985 3176 1224 3249 germina

229 3252 446 3308 mulium.
487 3258 674 3311 Hann-

299 3333 344 3385 5·
364 3335 508 3390 casus
527 3341 758 3403 mixtura,
779 3348 878 3393 etc.
894 3338 1110 3391 Habent
1127 3336 1223 3391 has

224 3424 358 3465 *ωε
382 3416 588 3471 codices
609 3436 824 3481 omnes;
845 3414 936 3471 sed
967 3417 1223 3489 glossema

231 3485 393 3547 inutile
419 3515 563 3565 ense,
603 3495 756 3571 quod
790 3499 856 3551 ab
895 3515 988 3551 ora
1011 3496 1068 3549 in
1097 3512 1222 3551 con·

229 3578 398 3627 textum
415 3575 702 3651 irrepserit,
713 3590 853 3630 recte
863 3596 958 3631 cen
965 3576 1220 3631 suitPint.

229 3634 587 3725 (fflfipulante
603 3658 856 3711 Salmasio
877 3648 918 3725 ).
939 3656 1120 3711 ΒΑΜ).
1139 3689 1221 3701 -

231 3724 466 3789 Gloenema
481 3751 586 3791 est:
602 3738 842 3791 tentabat
855 3750 1032 3791 tamen
1044 3734 1222 3790 erudi·

231 3818 300 3861 ms
323 3810 554 3871 Patavina
569 3858 588 3883 ‚
614 3836 732 3869 casu
753 3822 804 3870 in
834 3830 1022 3869 terram.
1051 3817 1222 3873 Bnooe.

301 3894 345 3944 6.
369 3894 634 3951 Nabatoeis.
663 3899 746 3950 De
773 3895 858 3951 his
878 3898 988 3963 VI,
1027 3896 1120 3949 32.
1151 3894 1218 3949 Η.

236 4040 246 4051 ,
300 3988 348 4037 7-
369 3971 583 4033 Sto-obon.
617 3978 705 4031 Ita
725 3978 854 4049 neg.
889 3990 944 4031 et
974 3976 1128 4031 Colb.
1149 3982 1218 4031 At

237 4048 456 4108 mlndioe
486 4056 615 4113 libri
657 4058 819 4127 hujus
854 4070 963 4113 tum
984 4057 1067 4110 his
1093 4054 1219 4128 ipsis

1319 2219 1595 2273 codicibus
1610 2260 1627 2286 ,
1669 2231 1785 2272 tum
1824 2219 1939 2273 aliis
1965 2222 2343 2277 consentienti-

1317 2300 1435 2366 bus,
1458 2300 1677 2353 scobolon
1702 2298 1913 2372 legitur.
1939 2300 2119 2354 Ham.

1403 2383 1457 2435 8.
1506 2378 1741 2433 Sc'mila'ter
1760 2418 1777 2444 ‚
1833 2392 1935 2433 etc.
1988 2380 2346 2445 Quemadmo-

1317 2457 1451 2512 dum
1480 2460 1537 2513 in
1566 2460 1762 2512 Arabia
1788 2478 1803 2511 ε
1842 2478 1999 2513 succo
2042 2480 2235 2535 nempe
2276 2482 2345 2517 ex

1317 2539 1648 2609 germinibus
1675 2538 1837 2592 erosis
1859 2538 2093 2593 stillante
2108 2580 2124 2608 ‚
2140 2560 2201 2595 ac
2222 2544 2344 2597 bar-

1317 2619 1399 2671 bis
1416 2618 1693 2671 bimorum
1714 2615 2127 2684 adhaerescente,
2144 2633 2244 2675 etc.
2268 2622 2339 2675 H.

1316 2698 1524 2752 —Vet.
1537 2695 1682 2770 apud
1694 2697 1810 2751 Dal.
1823 2716 1963 2749 succo
1974 2698 2120 2750 vitlos
2131 2701 2344 2752 inhorre-

1313 2798 1459 2846 scere,
1474 2776 1619 2832 haud
1634 2775 1959 2849 aspernanda
1970 2776 2214 2831 lectione.
2237 2781 2342 2833 En.

1395 2876 1453 2929 9.
1503 2857 1800 2929 OEqrpum„
1829 2854 2023 2909 Sordes
2073 2858 2342 2929 pecudum
2426 2866 2433 2872 '

1311 2936 1673 3010 sudoremque
1726 2937 1989 2990 feminum
2039 2949 2093 2991 et
2140 2939 2343 2993 alarum

1313 3016 1641 3072 adhaerente·
1680 3018 1815 3071 lanis
1846 3036 2086 3088 oesypum
2119 3032 2343 3086 vocant,

1311 3098 1487 3171 inquit
1509 3096 1647 3149 Plin.
1667 3096 1763 3149 lib.
1782 3096 1968 3151 XXIX
1984 3136 2001 3165 ‚
2022 3116 2068 3152 c.
2094 3116 2189 3163 to,
2216 3119 2339 3153 cum

1311 3177 1555 3229 Dioscor.
1573 3176 1649 3238 11,
1680 3178 1771 3239 84.
1797 3174 1982 3231 Hsnn.
2003 3208 2084 3220 ·-—
2108 3178 2345 3232 Genibus·

1310 3278 1417 3331 que.
1440 3257 1563 3309 Vet.
1587 3253 1731 3328 apud
1762 3256 1943 3309 Dalec.
1968 3260 2211 3330 genisque.
2234 3260 2339 3313 En.

1395 3355 1477 3389 ιο.
1508 3334 1611 3387 Sed
1645 3336 1801 3387 ederoe
1820 3336 1957 3407 flore
1999 3337 2186 3393 deroso.
2228 3340 2335 3393 Re·

1309 3429 1461 3471 ctene
1506 3434 1573 3469 an
1617 3435 1766 3469 secus
1798 3416 2063 3469 senserint
2096 3417 2167 3481 ii,
2212 3438 2342 3491 quo·

1306 3514 1431 3550 rum
1460 3496 1649 3567 placita
1693 3494 1761 3547 de
1794 3494 1988 3548 ladano
2015 3496 2221 3551 Plinius
2254 3518 2341 3553 re·

1308 3576 1439 3643 fert,
1461 3576 1555 3648 qui
1585 3593 1647 3628 ex
1676 3574 1848 3629 edera
1874 3593 2058 3640 succo,
2087 3596 2177 3631 seu
2205 3576 2342 3632 flore

1308 3653 1519 3721 deroso,
1547 3667 1706 3727 atque
1722 3674 1788 3707 ex
1818 3656 2078 3711 matutino
2092 3676 2215 3711 rore
2238 3658 2337 3731 qui

1307 3754 1372 3789 cx
1396 3734 1587 3788 eodem
1618 3734 1751 3788 flore
1794 3734 2083 3801 decutitur,
2107 3737 2335 3791 inhaere·

1307 3815 1511 3889 scitque
1546 3815 1725 3868 bathis
1745 3815 2021 3869 hircorum
2044 3856 2061 3883 ,
2099 3829 2341 3872 constare
2402 3830 2405 3835 '

1309 3894 1687 3959 crediderunt,
1722 3914 1833 3948 non
1878 3908 1954 3947 est
1984 3908 2230 3948 nostrum
2259 3894 2339 3950 di-

1303 3975 1543 4047 judicare
1570 3973 1715 4047 quod
1745 3974 1950 4028 Plinius
1976 3975 2090 4045 ipse
2113 3974 2334 4047 reliquit

1303 4056 1360 4109 in
1405 4053 1614 4121 medio,
1658 4074 1771 4107 rem
1816 4052 2055 4107 indicans
2098 4066 2331 4119 tautum,
