2850 4684
1031 443 1345 512 LIBER
1405 445 1566 510 XV.

2209 439 2358 528 453

344 575 667 644 XXXVI.
698 571 917 642 Arbor
940 573 1082 667 ipsa
1106 575 1175 642 in
1204 573 1514 670 Europae¹
1549 575 1856 644 citeriore
1879 575 2070 658 ceule,
2107 575 2286 668 quod
2324 601 2362 644 a
2408 613 2428 646 ι

236 675 585 752 Cerauniis
604 678 941 749 montibus
972 680 1199 774 incipit
1218 732 1237 766 ,
1270 683 1559 776 primum
1581 680 1856 750 Circeiis
1880 680 1950 748 in
1969 677 1990 704 ²
2020 678 2366 775 Elpenoris

236 785 502 856 tumulo
532 787 666 856 visa
690 784 1015 854 traditur:
1046 787 1490 881 Graecumque
1519 787 1578 856 ei
1603 810 1848 856 nomen
1877 801 2204 869 remanet,
2234 811 2367 880 quo

238 893 657 988 peregrinam
704 915 847 962 esse
894 906 1186 987 apparet.
1231 895 1383 962 Fuit
1417 892 1530 961 ubi
1574 915 1754 960 nunc
1797 893 2014 961 Roma
2062 906 2198 982 est,
2231 894 2365 986 jam

238 1013 387 1068 tum
427 1022 632 1128 quum
666 996 1114 1066 conderetur·
1153 1000 1397 1094 quippe
1431 999 1522 1068 ita
1563 996 1879 1085 traditur,
1917 1011 2172 1092 myrtea
2212 1022 2367 1068 ver-

238 1089 453 1172 bena³
486 1105 827 1173 Romanos
862 1103 1308 1198 Sabinosque,

1350 1129 1556 1200 quum
1592 1117 1869 1226 propter
1905 1118 2128 1196 raptas
2159 1106 2368 1198 virgi-

240 1196 400 1280 ιιεε4
446 1209 757 1280 dimicare
797 1207 1159 1280 voluissent
1176 1210 1544 1306 ,depositis
1585 1211 1785 1280 armis
1819 1224 2137 1306 purgatos
2179 1212 2247 1280 in
2290 1237 2370 1280 eo

328 1431 589 1484 xxxvl.
612 1449 659 1486 ι.
672 1432 876 1486 Arbor-⁶
856 1451 959 1504 ipsa
972 1436 1023 1484 in
1040 1433 1271 1504 Eumpoe,

244 1523 355 1566 etc.
374 1510 568 1583 virgil.
588 1512 647 1564 in
672 1511 861 1566 Culice
881 1511 1161 1565 Parthicam
1182 1531 1274 1566 vo-

244 1604 335 1645 αι
366 1611 381 1642 =
414 1613 439 1636 ι
480 1592 551 1644 Et
591 1609 713 1644 rosa
756 1609 1033 1664 purpureo
1086 1592 1274 1646 crescit

244 1667 549 1725 rubicunda
580 1670 790 1735 colore,
812 1671 884 1724 Et
928 1671 1083 1725 viole
1116 1689 1275 1724 omne

249 1767 449 1822 genus:
470 1749 561 1803 hic
580 1763 657 1804 est
670 1761 723 1804 et
746 1749 987 1805 Parthica
1003 1763 1227 1820 myrtus.
1245 1775 1268 1797 ι

246 1827 423 1899 Apud
448 1830 759 1884 Athenoum
787 1846 1005 1902 quoque
1026 1828 1124 1882 lib.
1152 1830 1276 1882 XV.

247 1907 639 1981 Apollodorus,
668 1909 763 1963 lib.
792 1909 874 1960 lv
895 1946 911 1968 ‚
962 1915 1059 1962 τῶν
1104 1913 1281 1980 nepot·

248 1996 353 2042 ιιῦν
380 1987 563 2042 scribit
582 1989 640 2041 in
668 1987 879 2042 Parthia
901 1989 1127 2060 μυρσίνης
1155 1983 1279 2042 εἶναι

248 2069 455 2122 ποικίλα
469 2070 583 2139 γένη
596 2107 613 2133 ,
633 2069 853 2139 ennead
883 2088 939 2122 rs
952 2106 970 2133 ,
1003 2067 1087 2122 καὶ
1104 2075 1280 2122 καλου·

251 2151 405 2220 μένην
440 2142 747 2218 φιλάδελφον.
778 2149 981 2202 Dano-
1004 2177 1089 2188 —
1113 2147 1283 2202 Arbor

250 2231 365 2299 ipse
392 2231 441 2280 ιἰι
464 2227 679 2297 Europa
696 2231 913 2280 citeriore
934 2227 1069 2280 σοῖο.
1098 2228 1275 2298 Lego:

258 2307 481 2360 «Arbor
512 2306 625 2377 ipsa
660 2307 715 2358 in
754 2307 984 2378 Europa
1016 2306 1281 2360 teu-itiore

252 2387 393 2440 calo
427 2411 451 2432 ι
473 2424 490 2450 ,
534 2403 597 2439 ex
648 2387 934 2458 exemplari
990 2386 1247 2439 Toletano
1265 2423 1282 2449 ,

254 2465 566 2520 rectissime.
592 2465 749 2520 Purr.
768 2464 977 2517 -Solo
994 2465 1281 2518 Dalec.En.

256 2573 345 2588 -
364 2545 535 2598 Arbor
558 2547 681 2614 ipsa.
706 2544 777 2596 Le
803 2557 969 2617 ηψπ.
992 2543 1283 2598 Ceraunios

254 2637 471 2678 montes
486 2621 593 2678 dici
604 2624 709 2678 hoc
720 2623 841 2676 loco
856 2623 1031 2695 palam
1050 2634 1128 2675 est
1143 2661 1158 2684 ,
1178 2640 1281 2693 pro

259 2703 702 2767 Acrocerauniis,
727 2701 796 2755 de
822 2702 1019 2772 quibus
1042 2701 1137 2754 lib.
1166 2702 1281 2766 111,

262 2783 447 2838 statim
470 2783 625 2837 initio
646 2781 868 2852 egimus.
896 2781 966 2834 Η.
989 2811 1071 2822 ——
1092 2780 1284 2852 Myrtus

261 2865 525 2917 munis
560 2859 829 2924 (Icosand.
865 2877 1119 2930 momgyn.
1162 2877 1287 2930 gen.

272 2961 415 3013 1209
432 2981 447 3006 ,
464 2942 607 2996 Pers.
629 2941 844 3011 Myr-tae.
877 2940 1017 2993 Juss.
1038 2931 1079 3008 ).
1102 2938 1206 2991 En.

354 3040 406 3074 a.
422 3022 483 3074 In
506 3022 779 3092 Elpenoris.
804 3019 983 3072 Unius
1003 3037 1065 3072 ex
1082 3016 1290 3089 Ulyssis

266 3100 456 3166 sociis,
482 3119 617 3173 quos
636 3101 693 3154 in
717 3117 1007 3172 porcorum
1038 3097 1223 3151 faciem
1258 3112 1291 3150 a

268 3179 427 3236 Circe
448 3192 675 3234 mutatos
712 3179 868 3233 finxit
900 3178 1180 3232 Homerus.
1212 3177 1292 3229 De

268 3258 495 3315 Circeiis
517 3259 613 3310 lib.
627 3259 734 3319 111.
762 3277 879 3332 cap.
900 3277 955 3328 9.
975 3256 1165 3311 Tradit
1180 3256 1295 3310 hoc

268 3339 431 3394 etiam
458 3336 733 3410 Theophr.
766 3337 905 3390 uin.
934 3333 1031 3390 lib,
1064 3338 1116 3389 V
1135 3376 1153 3403 ‚
1176 3353 1292 3406 cap.

360 3415 545 3468 Hnn.

274 3437 332 3490 9
359 3496 415 3550 3.
458 3496 653 3570 Myr-eea
704 3497 929 3548 verbena.
980 3495 1297 3550 «Vel-bena

274 3574 497 3649 proprie
530 3565 733 3648 (inquit
754 3576 903 3630 Serv.
928 3573 995 3628 ad
1016 3573 1151 3627 illud
1168 3577 1291 3628 AEn.

278 3657 421 3721 ΧΠ,
448 3674 469 3709 ι
484 3674 585 3722 ao,
617 3655 840 3708 Ver-bena
861 3665 1073 3725 tempora
1088 3649 1292 3716 vineti),

276 3748 361 3791 est
386 3735 553 3789 herba
584 3751 763 3797 sacra,
796 3752 886 3786 ros
924 3733 1187 3792 marinus,
1236 3743 1299 3786 ut

278 3815 435 3870 multi
483 3813 704 3881 volunt,
744 3811 801 3867 id
835 3825 911 3866 est
926 3849 944 3876 ‚
992 3809 1253 3873 λιὸανωτὶς
1280 3849 1297 3875 ,

278 3907 492 3964 sumpta
510 3892 716 3947 deloco
727 3911 875 3947 sacro
890 3891 1169 3962 Capitolii,
1192 3909 1299 3962 qna

280 3973 677 4028 coronabantur
723 3971 953 4026 Feciales
968 4009 985 4035 ‚
1038 3983 1092 4024 et
1145 3971 1301 4025 Pater

280 4065 545 4128 patratus,
574 4052 771 4109 federa
796 4051 1011 4118 facturi,
1037 4050 1123 4106 vel
1162 4049 1301 4105 bella
1324 4039 1337 4050 ’

1354 1432 1628 1487 indicturi.
1659 1433 1890 1486 Abusive
1915 1445 2089 1487 tamen
2122 1436 2378 1488 verbenas

1352 1515 1462 1585 jam
1490 1529 1740 1566 vocamus
1759 1531 1944 1566 omnes
1966 1511 2184 1567 frondes
2208 1533 2374 1568 sacra-

1358 1604 1462 1656 tas,
1491 1605 1553 1646 ut
1581 1603 1660 1645 est
1685 1593 1893 1657 laurus,
1917 1594 2084 1657 oliva,
2115 1594 2198 1645 vel
2229 1613 2374 1664 myr-

1358 1684 1460 1724 tus.
1483 1671 1700 1724 Terent.
1718 1673 1799 1724 Ex
1828 1688 1914 1724 ara
1937 1689 2086 1725 sume
2110 1671 2238 1725 hinc
2259 1691 2378 1726 ver-

1360 1752 1566 1804 benas:
1605 1749 1742 1803 Nam
1783 1762 2016 1822 myrtum
2073 1751 2230 1805 fuisse
2259 1753 2376 1807 Me·

1360 1827 1570 1883 mandes·
1594 1841 1838 1895 testatur,
1880 1828 1947 1883 de
1973 1849 2082 1902 quo
2103 1831 2380 1886 Terentius

1360 1908 1649 1962 transtulit.
1674 1933 1698 1955 n
1731 1907 1894 1962 Unde
1919 1909 2166 1981 intelligis
2188 1910 2378 1964 frustra

1362 2005 1476 2050 esse
1514 2007 1604 2041 eos
1619 2025 1634 2053 ,
1677 1987 1770 2059 qui
1793 2000 1948 2061 myrto
1992 1996 2043 2040 et
2064 1989 2271 2041 verbena
2290 1991 2380 2043 hic

1364 2067 1597 2132 malunt,
1623 2067 1802 2122 invitis
1826 2067 2073 2122 omnibus
2099 2069 2262 2122 libris.
2289 2067 2357 2123 Η.

1448 2152 1502 2210 4.
1530 2147 1715 2216 Raptus
1729 2151 1957 2216 virgines.
1979 2146 2123 2200 Vide
2143 2148 2352 2202 Livium
2365 2190 2380 2212 ,

1364 2225 1462 2280 lib.
1487 2227 1534 2279 Ι.
1565 2227 1661 2278 Est
1699 2226 1753 2279 iu
1789 2226 2016 2280 Cimelio
2055 2225 2382 2281 Serenissimi

1362 2306 1528 2358 Ducis
1557 2305 1852 2362 Parmensis
1875 2323 2126 2360 nummus
2155 2306 2384 2360 Neronis

1362 2384 1690 2454 inscriptus:
1733 2401 1898 2438 nano.
1933 2403 2215 2440 envmvs.
2254 2405 2382 2438 cu:-

1366 2481 1480 2518 ssa.
1511 2479 1634 2517 ne.
1673 2481 1853 2517 anans.
1881 2483 1932 2516 r.
1967 2483 2028 2517 ιι.
2057 2483 2146 2518 rn.
2176 2485 2225 2517 r.
2254 2483 2380 2520 rur.

1368 2561 1418 2596 r.
1452 2561 1502 2594 r.
1531 2554 1690 2612 caput
1709 2543 2001 2596 laureatum
2024 2533 2104 2608 .)(.
2133 2561 2382 2598 sumn.

1370 2643 1391 2666 ι
1407 2622 1612 2691 Raptus
1632 2620 1944 2674 Sabinarum
1968 2621 2386 2691 pulcherrimus,

1368 2697 1516 2771 apud
1572 2699 1850 2758 Albertutn
1908 2698 2208 2769 Principem
2243 2737 2259 2761 ‚
2307 2701 2388 2753 in·

1369 2778 1492 2850 quit
1511 2777 1658 2830 Oceo
1692 2795 1811 2848 pag.
1861 2778 1970 2840 134
1995 2795 2009 2828 =
2039 2778 2246 2848 Figura
2267 2781 2389 2848 pul-

1370 2856 1670 2921 cherrima,
1713 2857 1770 2908 in
1809 2873 2032 2926 quarum
2067 2854 2246 2909 medio
2286 2871 2391 2912 tres

1372 2934 1610 2990 obelisci.
1674 2959 1697 2982 ι·
1769 2935 2024 3005 Depietus
2087 2935 2244 2989 etiam
2303 2938 2392 2992 hic

1374 3032 1622 3069 nummus
1636 3025 1711 3068 est
1723 3013 1790 3066 ab
1809 3013 2030 3086 Oyselio
2043 3051 2059 3080 ,
2094 3015 2200 3070 tab.
2215 3035 2360 3070 xcvn
2375 3055 2394 3083 ‚

1374 3115 1432 3150 ιι.
1462 3113 1531 3166 9;
1557 3091 1650 3146 sed
1690 3093 1842 3165 prius
1886 3095 1955 3147 ab
2007 3089 2228 3161 Brinno,
2273 3115 2391 3168 pag.

1385 3193 1486 3244 ¹⁰9
1508 3213 1524 3238 ,
1565 3173 1658 3226 ubi
1703 3185 1862 3244 negat
1914 3174 2060 3228 hunc
2108 3193 2393 3230 nummum

1378 3256 1564 3308 Roma
1574 3270 1758 3306 cusum
1776 3253 1960 3320 suisse;
1981 3267 2034 3306 et
2049 3265 2192 3319 recte
2219 3269 2396 3327 negat.

1382 3335 1556 3390 Cusus
1585 3345 1660 3386 est
1697 3333 1924 3387 Arelate.
1967 3333 2036 3386 Et
2069 3335 2259 3388 litteris
2293 3335 2400 3388 illis

1384 3425 1586 3484 septem
1603 3413 1718 3466 hac
1736 3413 1912 3466 subest
1933 3413 2188 3467 sententia
2207 3433 2220 3466 ε
2239 3437 2262 3458 ε
2279 3415 2398 3469 Sce-

1382 3493 1519 3547 nieis
1543 3493 1751 3545 Arelate
1793 3493 2066 3548 Basilicam
2101 3495 2402 3566 Imperator

1380 3573 1528 3627 Nero
1574 3574 1837 3643 Augustus
1880 3573 2164 3626 Exstruxit.
2202 3599 2225 3620 ι
2263 3574 2400 3626 Nam

1382 3651 1618 3718 alioquin
1651 3649 1784 3721 quid
1827 3650 1894 3704 ad
1933 3651 2200 3705 Neronem
2234 3654 2402 3722 perti-

1382 3743 1514 3785 nent
1555 3743 1722 3801 raptae
1766 3730 2032 3801 quondam
2063 3731 2270 3785 Sabinae
2297 3735 2406 3786 vir·

1381 3809 1566 3882 gines?
1593 3809 1834 3864 Seenicas
1843 3811 2091 3865 mulieres
2103 3829 2130 3864 a
2149 3811 2407 3864 militibus

1386 3901 1596 3944 coactas
1611 3907 1748 3954 esse,
1770 3908 1880 3943 non
1909 3891 1966 3944 in
1995 3891 2206 3944 civitate
2231 3891 2411 3962 vagari

1384 3987 1484 4042 per
1512 3967 1744 4024 diversas
1769 3967 1905 4022 ades
1923 4011 1937 4032 ,
1969 3967 2059 4022 sed
2091 3970 2226 4022 intra
2251 3987 2414 4022 unam

1388 4067 1444 4104 se
1465 4049 1734 4104 basilicam
1747 4087 1763 4116 ,
1789 4067 1820 4102 a
1842 4047 2056 4102 Nerone
2073 4067 2140 4100 eo
2160 4047 2268 4102 fine
2288 4047 2422 4112 edi*

2003 4141 2158 4253 29³.
