2850 4684
441 339 532 409 30

995 337 1073 405 C.
1125 336 1450 410 PLINII
1492 338 1706 409 NAT.
1752 337 2008 406 HIST.

442 469 779 567 appellant
801 522 820 555 ,
850 466 956 537 alii
991 456 1416 556 malacham³,
1472 468 1583 540 alii
1632 466 1998 543 maldacon.
2052 468 2337 564 Nigrum

2348 458 2375 503 ⁴
2406 496 2581 543 vero

443 593 515 648 et
563 580 630 647 in
671 575 840 654 offas
892 574 1356 662 convolutum,
1401 575 1835 647 hadrobolon.
1892 578 2055 645 Esse
2098 592 2321 647 autem
2368 578 2577 649 debet

445 667 978 763 translucidum⁵,
999 680 1210 751 simile
1239 708 1441 765 cerie,
1474 682 1859 767 odoratum,
1894 696 1963 753 et
1994 708 2201 775 quum
2230 672 2577 773 fricatur⁶‚

445 792 726 885 pingue,
775 802 970 883 gustu
1011 811 1310 858 amarum
1349 791 1513 863 citra
1549 813 1833 859 acorem.
1876 790 1957 859 ln
1988 791 2191 858 sacris
2220 792 2379 859 vino
2416 816 2576 884 per·-

447 898 666 967 fusum
687 946 708 978 ,
777 893 1134 966 odoratius.
1182 894 1493 968 Nascitur
1533 896 1705 964 etin
1751 894 2051 979 Arabia⁷‚
2095 896 2459 989 Indiaque,
2506 912 2577 966 et

444 1002 670 1071 Media
690 1054 710 1089 ,
745 1026 824 1071 ac
865 999 1220 1093 Babylone.
1271 1000 1491 1096 Aliqui
1524 986 1931 1095 peraticum⁸
1962 1017 2208 1071 vocant
2232 1026 2315 1071 ex
2346 1002 2584 1073 Media.

443 1108 819 1179 advectum.
871 1105 1184 1180 Facilius⁹
1235 1108 1366 1183 hoc
1423 1122 1493 1183 et
1535 1108 1933 1192 crustosius,
1986 1110 2401 1201 amariusque
2442 1135 2459 1175 ε
2504 1123 2578 1177 at

379 1250 408 1282 α
443 1215 747 1284 Indicum
803 1212 1140 1281 humidius
1179 1228 1248 1282 et
1290 1210 1862 1310 gumminosum¹⁰.
1907 1212 2333 1283 Adulteratur
2393 1238 2575 1309 amy-

445 1318 700 1417 gdala¹¹
745 1342 934 1387 nuce.
962 1317 1280 1389 Caetera¹²
1313 1319 1455 1414 ejus
1496 1341 1740 1415 genera
1770 1321 2018 1387 cortice
2062 1334 2130 1391 et
2169 1320 2489 1390 scordasti
2510 1305 2577 1389 ²³.

439 1430 546 1497 Ita
559 1438 838 1509 vocatur
853 1425 1052 1495 arbor
1071 1424 1310 1495 aemulo
1325 1427 1595 1521 gummi.
1612 1424 1743 1495 Sed
1761 1425 2352 1519 deprehenduntur
2366 1418 2581 1521 (quod

528 1584 583 1637 3.
613 1580 889 1633 Maldaeon.
916 1580 982 1631 In
1007 1578 1220 1645 Indice,
1250 1580 1469 1633 rualodu-

447 1682 556 1717 σου.
587 1660 767 1712 Ηυιο.

531 1746 584 1805 4.
613 1734 848 1811 Nigrum.
878 1738 1120 1791 Alterum
1151 1739 1255 1792 hoc
1283 1737 1473 1793 bdellii

451 1838 616 1895 genus
644 1832 720 1872 est
749 1836 763 1872 ε
802 1818 1030 1871 alterum
1070 1819 1217 1872 enim
1245 1818 1475 1872 subalbi·

452 1900 612 1964 dum,
655 1897 800 1970 quod
821 1897 1322 1967 praestantissimum.
1349 1900 1477 1952 Dio-

451 1980 704 2034 scor.loc.
727 1966 950 2031 einflat-t
968 1972 1024 2032 δῦ
1041 1981 1125 2032 καὶ
1140 1980 1297 2049 ἕτερον
1316 1981 1474 2049 ῥυπα-

454 2063 531 2132 ρὸν
554 2059 639 2113 καὶ
655 2060 804 2127 μᾶλα-ι
820 2095 834 2115 ,
857 2054 1134 2128 ἁδρόὸωλον
1147 2097 1163 2122 ,
1176 2054 1475 2117 παλαθῶδες

454 2140 763 2212 κομιζόμενον
793 2140 893 2190 ἀπὸ
915 2143 1002 2197 τῆς
1023 2128 1235 2198 istim-724.
1263 2136 1447 2190 Ilum.

541 2218 594 2272 5.
631 2216 1013 2270 Translucidum.
1039 2216 1258 2270 Gummi
1284 2215 1476 2268 videli-

458 2311 560 2353 cet.
577 2296 772 2349 Isidor.
795 2296 945 2367 Orig.
973 2296 1136 2348 XVII
1151 2335 1166 2362 ,
1190 2298 1222 2349 8
1247 2314 1260 2349 ε
1283 2318 1304 2341 t
1323 2295 1478 2349 Bdel-

459 2378 510 2431 la
549 2375 718 2430 India
752 2383 806 2430 et
840 2376 1050 2428 Arabio
1084 2378 1276 2440 arbor,
1327 2377 1477 2447 cujus

459 2456 695 2530 lacryma
733 2456 924 2509 melior
952 2456 1182 2509 arabica.
1209 2456 1303 2509 Est
1333 2455 1477 2508 enim

461 2535 672 2601 lucida,
697 2533 1001 2599 subalbida,
1041 2535 1202 2599 levis,
1238 2534 1477 2605 pinguis,

461 2616 729 2688 aqualiter
751 2634 900 2668 cerea
917 2650 934 2676 ‚
955 2626 1008 2668 et
1032 2634 1149 2687 quae
1173 2614 1326 2667 facile
1350 2613 1482 2669 mol-

458 2696 640 2761 liatur,
661 2715 831 2767 neque
851 2694 997 2767 ligno
1018 2735 1033 2759 ,
1069 2694 1149 2747 vel
1170 2706 1321 2747 terre
1339 2713 1482 2746 com-

462 2778 656 2839 mixta,
691 2794 899 2840 amara,
938 2772 1118 2827 odoris
1156 2773 1311 2828 boni.
1341 2774 1481 2827 Nam

463 2874 530 2909 ex
559 2854 713 2907 India
741 2852 956 2907 sordida
991 2866 1094 2917 est,
1127 2866 1180 2905 et
1207 2854 1387 2924 nigra,
1428 2864 1481 2907 et

467 2934 655 3005 majori
687 2934 857 3005 gleba.
883 2960 907 2980 ι
940 2933 1122 2985 Ηυιι).

545 3020 597 3067 6.
626 3012 872 3065 Fricamr.
913 3013 992 3063 Ita
1022 3012 1117 3064 lib.
1148 3029 1349 3063 omnes.
1374 3009 1484 3062 Alii

449 3096 657 3160 friatur,
688 3092 843 3144 male.
863 3092 1046 3143 Hsun.

545 3192 597 3245 7.
630 3172 866 3225 Nascitur
895 3183 945 3222 et
975 3173 1026 3222 in
1055 3170 1264 3225 Arabia.
1301 3171 1486 3236 Quare

465 3266 520 3307 et
544 3252 850 3305 saracenica
877 3251 1035 3303 arbor
1061 3269 1092 3303 a
1123 3250 1364 3305 Dioscor.
1394 3270 1487 3323 ap·

461 3332 708 3405 pellatur.
740 3329 920 3383 Han.

547 3414 602 3466 8.
619 3410 908 3463 Pet-aticum.
935 3408 1194 3475 Quaedam
1224 3410 1488 3481 exempla·

464 3492 546 3545 rin
567 3484 867 3564 ppmiciim‚·
908 3502 1062 3542 vetus
1099 3489 1256 3543 lectio
1280 3489 1483 3541 Pae-elai-

465 3591 601 3636 cum,
633 3568 778 3641 quod
807 3570 974 3641 magis
997 3570 1201 3640 probo;
1227 3588 1349 3621 nam
1374 3608 1390 3635 ,
1424 3582 1487 3625 ut

464 3670 622 3723 supra
677 3648 907 3703 ostendit
963 3649 1165 3702 Plinius
1205 3648 1346 3714 VI‚‘
1382 3649 1483 3715 25,

464 3728 832 3801 duodeviginti
863 3742 1012 3781 erant
1047 3728 1362 3782 Parthorum
1397 3748 1482 3781 re-

463 3830 598 3883 gnu
627 3823 686 3863 ut
711 3810 905 3863 mirum
926 3828 1034 3861 non
1054 3808 1122 3861 sit
1142 3808 1184 3861 si
1214 3827 1276 3860 ex
1303 3807 1487 3861 Media

461 3889 742 3945 advectum
775 3888 1085 3942 Parthicum
1109 3888 1480 3961 appellaretur.

459 3970 788 4027 nam—Sic
811 3970 899 4023 lib.
916 3987 1113 4023 omnes.
1137 3970 1411 4041 Περατυιὸν
1430 3970 1487 4021 3ae

1552 1566 1780 1653 πὲράτων
1804 1587 1893 1651 γῆς
1908 1618 1922 1639 ,
1956 1580 2103 1653 quod
2125 1582 2192 1633 ab
2218 1594 2457 1636 extremo
2482 1596 2587 1635 ter·

1552 1678 1731 1713 rarum
1762 1658 1867 1713 fine
1886 1660 2101 1731 petitur.
2123 1662 2303 1715 Hum.
2324 1691 2407 1701 --
2426 1662 2585 1714 Pera-

1556 1744 1714 1791 ticum.
1744 1736 1859 1793 Hoc
1886 1753 1992 1805 est,
2016 1739 2430 1813 Euphraticum3
2452 1760 2579 1793 narn

1556 1818 1739 1872 Penei.
1762 1859 1778 1886 ‚
1816 1820 2125 1873 hebraicum
2164 1832 2243 1873 est
2292 1819 2584 1891 Euphratis

1556 1899 1705 1952 fluvii
1716 1916 1931 1952 nomen.
1942 1897 2244 1952 pomum
2258 1918 2331 1951 ua
2344 1898 2401 1951 sn
2410 1918 2539 1955 var.

1640 1997 1695 2047 9.
1752 1978 1988 2033 Facilius.
2046 1978 2426 2040 Tractabilius,
2479 1996 2583 2033 nec

1558 2078 1707 2128 eque
1741 2070 1881 2115 tactu
1916 2056 2302 2124 adhoerescens,
2334 2072 2489 2131 atque
2524 2058 2589 2111 il-

1558 2135 1655 2191 lud
1693 2134 1841 2212 quod
1870 2134 2143 2191 humidius
2170 2150 2267 2191 est.
2290 2136 2468 2193 Haut).
2500 2162 2589 2181 --

1560 2218 1742 2273 Dalec.
1773 2216 1827 2271 in
1852 2216 2087 2288 margine
2090 2218 2347 2287 fragilius.
2366 2218 2473 2271 En.

1646 2316 1734 2353 ιο.
1773 2298 2147 2352 Gumminosum.
2172 2299 2250 2351 Ita
2274 2296 2363 2349 hic
2386 2310 2437 2351 et
2451 2296 2589 2351 alibi

1560 2380 1750 2449 passim
1774 2374 1931 2431 codd.
1953 2376 2078 2429 Sine
2098 2376 2407 2431 auctoritate
2430 2376 2485 2429 in
2516 2376 2591 2429 li-

1560 2457 1671 2512 bris
1696 2457 1849 2511 editis
1868 2474 2179 2525 guma-osum.
2200 2456 2367 2509 Bao-r.
2384 2488 2465 2498 --
2478 2455 2587 2511 Ch.

1560 2542 1913 2590 cumminosum.
1942 2533 2107 2589 Editt.
2128 2549 2247 2589 ante
2267 2536 2585 2607 Brotegem·

1564 2636 1760 2670 mosum.
1790 2616 1896 2669 En.

1650 2714 1739 2752 11.
1772 2694 2070 2769 Amygdala.
2102 2692 2221 2747 Hoc
2260 2694 2587 2765 Benjuinum

1563 2774 1699 2829 illud
1735 2788 1842 2837 est,
1874 2772 2021 2845 quod
2064 2770 2460 2845 amygdaloides
2490 2792 2589 2827 vo-

1564 2868 1714 2919 cant,
1736 2866 2019 2927 propterea
2057 2852 2201 2924 quod
2232 2871 2465 2924 ungues,
2492 2872 2590 2907 seu

1567 2934 1799 2989 maculas
1829 2928 2079 2989 candidas
2110 2930 2365 2987 admixtas
2392 2932 2553 2987 habet
2570 2970 2591 2999 ,

1566 3012 1962 3087 amygdalarum
2003 3012 2187 3076 instar,
2229 3024 2289 3065 ut
2314 3026 2459 3065 recte
2482 3014 2585 3065 ob-

1568 3106 1738 3149 servat
1758 3093 1998 3157 Clusius,
2022 3092 2265 3145 Aromat.
2292 3093 2350 3157 1,
2380 3092 2433 3145 5.
2472 3092 2542 3145 Η.

1655 3193 1746 3232 η.
1776 3172 1985 3225 Coeeera.
2016 3170 2139 3225 Sive
2170 3172 2445 3242 Benjuini,
2472 3171 2587 3227 sive

1569 3254 1748 3307 Anime
1772 3271 1964 3323 genera
1989 3252 2194 3323 reliqua
2214 3292 2229 3315 ‚
2256 3251 2412 3305 etiam
2438 3270 2590 3305 soor-

1570 3332 1706 3387 danti
1736 3334 1932 3385 cortice
1968 3328 2205 3387 admixto
2226 3368 2242 3397 ‚
2272 3332 2357 3385 vel
2386 3331 2591 3401 gummi

1569 3416 1683 3485 ejus
1723 3412 1959 3477 arboris,
1998 3411 2387 3477 adulter-autum
2422 3407 2591 3463 δολοῦ-

1567 3512 1654 3546 ται
1702 3488 1761 3547 δὲ
1803 3494 2087 3565 μιγνὺμινον
2146 3494 2325 3563 κόμμα
2349 3530 2366 3557 ‚
2413 3490 2593 3561 inquit

1569 3572 1921 3626 Dioscorides.
1949 3571 2125 3627 Haun-

1658 3650 1746 3705 13.
1786 3652 2049 3706 Scor-dasii.
2096 3652 2159 3703 In
2204 3646 2389 3702 Indice
2428 3648 2590 3719 hujus

1568 3732 1693 3785 libri
1720 3732 1969 3784 scot-dacii.
2007 3729 2159 3785 MSS.
2183 3730 2309 3799 Reg.
2348 3748 2399 3792 ι,
2433 3746 2461 3781 2
2482 3764 2500 3793 ‚
2532 3741 2587 3783 et

1572 3811 1726 3865 Colb.
1750 3833 1779 3866 2
1796 3851 1813 3877 ,
1840 3831 1901 3866 ac
1925 3810 2102 3865 Chiffl.
2130 3810 2233 3863 hoc
2255 3810 2402 3873 loco,
2422 3812 2592 3861 scorti.

1572 3890 1757 3945 Simile
1790 3890 1990 3947 bdellio
2029 3890 2227 3963 gummi
2269 3883 2491 3942 fundere
2528 3904 2593 3941 ac

1572 3990 1723 4043 paene
1752 3990 1855 4043 par
1873 3967 2259 4041 annulumque,
2288 3966 2500 4023 dicitur.
2516 3966 2587 4019 H.
