2850 4684
433 1684 466 1740 3
505 1665 792 1763 Cypro¹⁷

500 372 544 441 8
1043 370 1119 435 C.
1173 368 1509 437 PLINII
1556 366 1767 436 NAT.
1822 366 2083 435 HIST.

501 503 718 571 brium
740 524 860 595 per
875 498 1034 569 folia
1049 500 1357 593 crepitus„
1375 482 1947 592 laetiorcm⁸‚quam
1960 522 2367 566 marmorum
2388 500 2635 584 nitore,

501 609 778 703 picturae
818 608 1140 676 varietate
1161 658 1180 689 ‚
1215 604 1625 699 laquearium
1675 628 1878 692 auro,
1920 604 2223 673 cubuisse
2262 605 2330 671 in
2366 604 2631 673 eadem.

436 749 464 783 2
501 713 700 783 Aliud
736 712 1109 809 exemplum
1147 711 1329 781 Caii⁹
1365 712 1717 807 principis,
1746 712 1815 779 in
1840 709 2185 780 Veliterno
2220 734 2375 779 rure
2408 712 2636 779 mirati

501 823 696 889 unius
725 818 1015 889 tabulata
1031 818 1100 905 ¹⁰,
1131 818 1403 913 laxeque
1432 842 1771 887 ramorum
1808 817 2109 887 trabibus
2140 840 2413 886 scamna
2436 830 2639 911 patu-

501 926 587 1013 la,
617 941 686 995 et
711 928 780 995 in
812 950 890 995 ea
919 923 1186 1019 epulati,
1217 950 1423 1017 quum
1455 926 1595 1018 ipse
1622 948 1773 1019 pars
1800 938 1973 1011 esset
1996 920 2338 1010 umbrae¹‘‚
2355 946 2449 991 xv
2476 946 2640 991 con·

501 1034 806 1101 vivarum
845 1056 926 1099 ac
961 1030 1304 1098 ministerii
1337 1053 1581 1123 capace
1616 1028 1935 1113 triclinio,
1968 1052 2167 1122 quam
2212 1052 2469 1098 coenam
2516 1052 2641 1123 ap-

501 1137 774 1232 pellavit
827 1135 934 1204 ille
969 1133 1286 1205 nidum¹².
1327 1138 1454 1205 Est
1486 1139 1803 1229 Gortynae
1856 1137 1927 1203 in
1968 1132 2181 1203 insula
2206 1136 2411 1203 Creta
2442 1135 2643 1228 juxta

501 1246 756 1313 fontem
801 1241 1106 1336 platanus
1145 1264 1312 1327 una,
1354 1244 1628 1337 insignis
1660 1243 2005 1335 utriusque
2046 1238 2321 1335 linguae¹
2302 1225 2349 1265 ¹³
2393 1265 2641 1309 monu-

501 1353 784 1435 mentis,
825 1370 1190 1441 numquam
1239 1346 1396 1417 folia
1440 1348 1831 1419 dimittens:
1876 1348 2227 1479 statimque
2262 1348 2321 1414 ei
2360 1347 2645 1417 Graeciae

503 1400 927 1526 fabulositas¹
911 1441 957 1486 ¹⁴

985 1454 1350 1550 superfuit,
1375 1458 1611 1526 Jovem
1648 1456 1773 1524 sub
1809 1452 1919 1523 ea'
1926 1440 2128 1523 ⁵cum
2169 1456 2441 1547 Europa
2472 1478 2639 1523 con-

503 1562 807 1632 cubuisse
853 1586 869 1628 :
917 1586 1038 1630 ceu
1087 1584 1273 1691 vero8
1290 1586 1429 1630 non
1473 1560 1597 1631 alia
1658 1544 2021 1656 ejusdem¹⁶
2060 1560 2318 1653 generis
2358 1574 2531 1629 esset
2572 1560 2640 1627 in

553 1846 558 1850 “
589 1841 644 1900 8.
679 1842 932 1899 Loeuomn
961 1860 1132 1913 quam,
1165 1852 1266 1893 etc.
1295 1840 1532 1895 chifflet.

511 1920 630 1975 cod.
653 1921 978 1993 latioremque.
1001 1921 1109 1974 En.

595 1994 651 2069 9.
683 2001 796 2054 Caii
811 2003 1062 2071 princepis.
1107 2001 1284 2066 Quem
1325 2000 1538 2071 Caligu-

513 2082 620 2135 lam
655 2094 866 2138 vocant.
891 2080 1073 2133 Hsnn.

606 2178 688 2215 ιο.
715 2160 866 2213 Unius
890 2158 1122 2217 tabulata.
1145 2157 1318 2213 Unius
1341 2158 1539 2229 platani

517 2257 694 2297 ramos
735 2239 838 2293 late
880 2237 1134 2301 diffusos,
1181 2236 1541 2291 tabulatorum

521 2321 717 2383 instar,
761 2332 815 2371 et
857 2336 1212 2373 scamnorum.
1249 2318 1433 2371 Ηιιιυ.
1459 2348 1540 2361 -—

519 2400 652 2451 Mox
677 2397 984 2455 Har-duilius
1009 2416 1039 2450 e
1072 2394 1308 2451 chifflet.
1340 2398 1543 2469 laxeque

521 2478 796 2551 reposuit·
819 2480 1004 2533 Delec.
1031 2477 1262 2535 Elzevir.
1299 2478 1538 2533 Gronov.

522 2560 754 2630 laxisque.
785 2556 890 2613 En.

609 2658 631 2693 ι
653 2656 700 2689 1.
735 2638 866 2689 Pars
909 2648 1029 2691 esset
1059 2638 1253 2694 σηκόν-αι.
1291 2636 1382 2692 Sic
1415 2635 1542 2688 libri

525 2736 736 2784 omnes,
763 2718 860 2771 etsi
890 2717 1170 2771 Pintianus
1198 2717 1372 2773 malit,
1400 2734 1543 2788 quum

525 2802 720 2869 imparis
755 2810 877 2850 essee
903 2797 1098 2850 umbroe.
1125 2796 1394 2850 Sententia
1434 2806 1540 2855 est,

527 2878 718 2933 Caium
747 2877 1048 2948 principem
1077 2876 1335 2929 obesitate
1358 2893 1545 2945 corpo·

527 2959 599 3011 ris
623 2956 907 3011 maximnm
937 2956 1164 3015 umbra,
1193 2972 1353 3025 quam
1375 2954 1542 3025 plata-

527 3056 628 3093 nus
659 3036 914 3097 efficeret,
961 3046 1165 3105 partem
1218 3051 1541 3105 occupasse:

527 3115 876 3175 nihilominus
903 3134 969 3167 xv
991 3114 1256 3177 convivas,
1286 3131 1408 3167 cum
1444 3114 1542 3165 mi-

532 3196 708 3249 nistris
730 3213 790 3249 ne
807 3193 1000 3259 servis,
1019 3194 1122 3250 sub
1145 3192 1326 3255 eadem
1355 3194 1545 3249 umbra

532 3276 761 3329 latuisse.
804 3274 983 3325 Hum.
1025 3304 1106 3315 --
1131 3273 1435 3344 Dalecamp.
1470 3273 1549 3325 ni·

533 3354 700 3407 mium
727 3352 1001 3407 codicibus
1026 3350 1331 3426 derogando
1357 3352 1547 3418 fidem,

535 3433 866 3505 proponebat
879 3468 896 3495 ,
907 3437 1082 3485 circum
1093 3452 1262 3504 sparsa
1281 3437 1428 3504 ipsim
1448 3452 1551 3485 um-

536 3512 621 3563 bra
635 3533 657 3574 ,·
682 3512 772 3565 sed
792 3512 925 3565 nihil
953 3526 1157 3568 mutare
1175 3532 1310 3586 opus
1329 3526 1421 3567 est.
1448 3514 1549 3568 En.

625 3610 707 3645 ια.
737 3592 935 3644 Nidum.
964 3592 1140 3657 Quam
1173 3594 1354 3647 festiva
1388 3606 1555 3647 trans-

535 3670 732 3724 latione
756 3672 908 3741 Vix-g.
947 3672 1141 3743 Georg.
1177 3675 1264 3737 Π,
1301 3690 1406 3743 ²09
1430 3712 1446 3739 ‚
1468 3690 1553 3725 ar-

536 3751 692 3803 bores
712 3752 942 3823 appellat
973 3753 1210 3824 antiquas
1249 3754 1427 3805 avium
1456 3750 1553 3805 do-

537 3848 682 3893 mos;
716 3844 819 3889 tam
863 3831 1040 3901 lepide
1079 3833 1238 3887 Caius
1277 3832 1554 3885 hominum

533 3909 722 3963 nidum
749 3909 890 3963 istud
908 3952 922 3975 ‚
963 3911 1112 3983 quod
1141 3913 1384 3981 platanus
1419 3931 1553 3983 prm-

525 3988 669 4057 buit,
701 3992 991 4044 triclinium
1010 4005 1177 4045 vocat.
1211 3992 1390 4043 Hsnn.

801 1665 974 1736 ,Sed
1009 1691 1092 1736 ex
1130 1666 1242 1736 ea¹
1250 1652 1591 1762 ⁸primum
1618 1668 1689 1737 in
1720 1667 1863 1762 ipsa
1900 1663 2101 1735 Creta
2130 1656 2243 1759 (ut
2272 1680 2373 1735 est
2400 1680 2641 1735 natura

1710 1858 1733 1893 1
1747 1847 1797 1898 3.
1834 1840 2091 1911 Utriusque
2114 1840 2309 1910 lmguoe.
2330 1839 2464 1903 Nam
2487 1838 2556 1893 de
2580 1856 2641 1897 ea

1622 1938 1791 1991 grace
1822 1920 2225 1995 Theophrastus
2243 1918 2441 1973 Histor.
2469 1919 2639 1972 Plant.

1624 2002 1697 2065 1‚-
1728 1999 1828 2064 153
1867 2018 1933 2052 ex
1972 2018 2141 2071 eoque
2177 1998 2339 2053 latine
2361 1999 2539 2052 Varro
2572 1997 2640 2053 de

1624 2080 1703 2131 Re
1724 2092 1853 2131 rust.
1872 2080 1917 2142 l,
1941 2097 1995 2148 7.
2010 2079 2191 2141 Ηᾼιιι).

1712 2176 1736 2210 ι
1750 2166 1801 2223 4.
1852 2157 2061 2212 Groeca'oe
2082 2158 2394 2227 fabulositas.
2442 2157 2644 2214 Plinius

1624 2238 1738 2309 ipse
1761 2238 1857 2290 lib.
1885 2239 1967 2290 IV
1996 2237 2169 2306 initio,
2193 2236 2261 2290 de
2279 2238 2435 2291 tertio
2464 2238 2645 2291 Euro-

1624 2336 1709 2391 poe
1734 2318 1855 2371 sinu
1886 2341 1901 2371 z
1937 2343 1959 2366 ι
1984 2318 2172 2371 Omnis
2193 2318 2410 2371 Graecia
2434 2318 2643 2371 fabulo-

1628 2398 1751 2453 sitas
1766 2436 1783 2463 ‚
1812 2399 1949 2452 sicut
1964 2409 2018 2450 et
2034 2397 2325 2451 litterarum
2352 2398 2561 2451 claritas
2580 2415 2643 2451 ex

1628 2478 1735 2531 hoc
1756 2478 1990 2549 primum
2004 2477 2123 2531 sinu
2143 2478 2361 2531 effulsit.
2380 2502 2402 2523 ι
2421 2478 2603 2529 Ηιιιῑι.

1714 2576 1739 2610 1
1754 2557 1804 2612 ⁵.
1844 2557 2009 2610 Jovem
2050 2556 2138 2609 sub
2182 2576 2254 2611 ea.
2290 2556 2644 2627 Theophrast-

1627 2637 1733 2692 loc.
1761 2636 1965 2691 cimini
1984 2638 2144 2705 ταῦτ-ῃ
2161 2674 2178 2702 ,
2204 2638 2297 2690 ubi
2318 2636 2399 2689 ivel
2422 2636 2533 2691 ἀντὶ
2561 2642 2644 2690 τοῦ

1628 2718 1724 2770 ὑπὸ
1770 2714 1975 2770 dictum
2004 2734 2019 2768 ε
2058 2718 2155 2769 etsi
2200 2716 2378 2769 arbori
2416 2714 2645 2769 insidere

1630 2797 1732 2865 ipsi
1782 2798 2000 2867 Europa
2048 2794 2262 2849 videtur
2308 2796 2367 2847 in
2420 2812 2645 2849 nummo

1632 2882 1960 2938 Porri-nnn
1978 2914 1995 2937 ‚
2030 2872 2173 2945 apud
2201 2876 2397 2926 Anton.
2424 2877 2645 2945 August.

1630 2954 1753 3009 dial.
1788 2958 1841 3022 3,
1863 2974 1983 3027 pag.
2014 2954 2109 3009 85.
2144 2955 2327 3007 Han.

1718 3042 1805 3091 16.
1832 3036 2084 3105 Ejusdem.
2118 3032 2205 3085 Sic
2240 3030 2499 3085 Chiffletii
2524 3032 2645 3087 cod.

1630 3117 1827 3178 Antea,
1852 3116 1968 3185 ejus.
2006 3112 2111 3166 En.

1718 3214 1807 3265 17.
1852 3194 1913 3245 In
1955 3193 2135 3265 Cypro.
2169 3192 2347 3245 Varro
2388 3205 2441 3245 et
2470 3192 2648 3245 Theo-

1634 3275 1834 3347 phrast.
1875 3273 2004 3325 locis
2034 3270 2289 3334 laudatis,
2314 3272 2539 3325 similem
2566 3290 2653 3325 ex·

1636 3353 1823 3409 stitisse
1850 3365 1904 3405 et
1929 3352 1986 3405 in
2014 3353 2195 3423 Cypro
2212 3351 2485 3422 platanum
2513 3354 2650 3421 pari-

1638 3446 1720 3489 ter
1746 3430 2113 3504 prodiderunt.
2142 3432 2511 3485 naam—De
2531 3449 2650 3501 pro·

1640 3512 1842 3583 digiosa
1870 3510 2085 3582 platano
2103 3551 2119 3576 ,
2144 3530 2262 3582 quae
2293 3511 2351 3563 in
2380 3511 2550 3563 insula
2570 3513 2647 3565 Co

1640 3592 1905 3663 hodieque
1960 3591 2147 3645 visitur
2164 3630 2181 3655 ‚
2217 3590 2443 3644 circuitu
2479 3591 2649 3645 trunci

1642 3690 1779 3725 xxxv
1820 3669 1981 3743 pedes
2027 3683 2335 3744 superante,
2373 3671 2538 3723 multa
2574 3672 2649 3723 le-

1641 3750 1811 3822 genda
1854 3764 2004 3815 sunt,
2049 3770 2168 3823 quae
2212 3752 2270 3803 in
2298 3748 2649 3821 Ephemeride

1644 3830 1887 3901 quedam,
1912 3832 2069 3903 vulgo
2084 3831 2213 3901 PH)
2207 3833 2311 3901 gie,
2330 3848 2515 3883 recens
2534 3848 2652 3911 pro·

1642 3910 1880 3975 dierunt,
1914 3930 1978 3963 αι
2014 3912 2455 3983 jan.1827.En.

1732 3994 1817 4045 18.
1851 3990 1952 4045 Sed
1986 4013 2045 4045 ea:
2090 4011 2164 4043 e.a
2210 3992 2285 4043 Ex
2333 3990 2505 4061 Gorty
2510 3990 2649 4041 uensi
