2850 4684
480 338 575 410 26

1026 341 1103 409 C.
1148 341 1483 408 PLINlI
1533 341 1751 408 NAT.
1803 340 2063 408 HIST.

478 487 579 542 est
600 483 821 540 autem
839 469 969 539 mel
1006 473 1074 540 in
1100 471 1534 541 arundinibus
1561 469 1908 542 collectum
1925 469 1972 556 ²,
2000 471 2366 566 gummium
2405 472 2614 540 modo

474 577 867 665 candidum,
902 577 1209 647 dentibus
1244 578 1514 673 fragile,
1543 576 2020 672 amplissimum
2056 579 2245 646 nucis
2289 577 2610 650 avellanae

476 684 961 779 magnitudine,
1000 684 1085 753 ad
1126 683 1468 755 medicinae
1505 698 1760 754 tantum
1795 709 2010 754 usum.

478 846 755 901 arundinis
773 847 937 918 ipsius
965 849 1159 900 humor
1184 846 1379 912 dulcis,
1400 847 1495 900 Se-

477 944 608 980 neca
644 923 981 994 subdubitat,
1012 929 1163 997 epist.
1196 929 1288 982 85.
1314 929 1498 998 Ipsum

478 1025 658 1060 rorem
684 1025 818 1072 esse,
846 1025 1005 1079 quent
1024 1007 1102 1060 sol
1131 1007 1185 1060 in
1219 1006 1498 1062 arundini-

480 1087 584 1140 bus
610 1101 790 1158 cogat,
826 1085 890 1140 ad
926 1085 1325 1140 similitudinem
1348 1088 1497 1154 salis,

476 1161 754 1236 mellisque
806 1163 1141 1219 dulcedinem
1161 1206 1176 1231 ,
1229 1166 1498 1220 affirmant

480 1245 715 1298 Galenus
737 1283 755 1310 ‚
787 1245 855 1298 de
888 1246 1007 1298 Fac.
1046 1243 1201 1316 simp.
1226 1244 1370 1299 med.
1402 1247 1496 1299 lib.

468 1323 616 1390 vu,
671 1337 795 1395 pag.
844 1338 973 1395 207;
1009 1324 1219 1380 Orib-s.
1258 1327 1352 1380 lib.
1397 1328 1498 1393 XI,

477 1404 575 1458 fol.
631 1404 731 1456 205
761 1442 777 1469 ,
832 1405 923 1457 ubi
981 1405 1266 1458 Mereor-on
1311 1419 1496 1468 νοσεῖς

478 1485 629 1537 Alex.
656 1481 897 1553 Apin-od.
931 1482 987 1535 in
1014 1485 1286 1538 Problem.
1314 1498 1368 1538 et
1397 1488 1496 1540 lsi·

479 1562 600 1616 dor.
626 1562 775 1633 Otig.
802 1563 926 1627 XX,
944 1583 999 1616 a.
1018 1564 1096 1617 Ex
1124 1563 1313 1617 iisdem
1332 1584 1497 1618 arun-

480 1642 723 1705 dinibus,
744 1643 939 1713 quihus
962 1657 1016 1696 et
1043 1658 1279 1698 nostrum
1306 1645 1500 1715 excipi·

478 1735 598 1786 tur,
638 1722 786 1774 senio
824 1723 1101 1785 confectis,
1132 1724 1381 1794 lacrymas
1408 1743 1500 1778 seu

482 1801 684 1872 gummi
716 1800 879 1854 modo
907 1802 1153 1865 effluere,
1187 1822 1248 1857 ac
1277 1821 1499 1857 concre-

478 1897 656 1945 scere,
690 1899 829 1933 nnus
866 1875 1091 1936 credidit
1118 1881 1407 1937 Saracenas
1441 1885 1498 1936 in

479 1959 617 2012 notis
640 1957 711 2012 ad
741 1961 921 2014 Diosc.
961 1960 1140 2015 ΒΑΜ).
1180 1993 1257 2006 -—
1282 1961 1498 2016 Succha-

478 2059 567 2092 νυνι
591 2040 837 2092 etAmhia
850 2043 972 2107 sert,
987 2053 1089 2093 etc.
1106 2041 1282 2096 Diosc.
1308 2041 1403 2093 lib:
1424 2043 1500 2108 11,

479 2136 594 2190 cap.
636 2126 738 2182 104
764 2138 780 2172 :
807 2120 1054 2172 Καλιῖται
1094 2119 1156 2172 δι’
1185 2141 1230 2172 τι
1258 2119 1341 2173 καὶ
1372 2139 1499 2172 σακ-

477 2217 624 2266 χαρον
660 2193 791 2260 εἶδος
834 2199 885 2252 av
926 2200 1119 2268 μέλιτος
1157 2200 1203 2251 ἐν
1232 2190 1376 2268 ivdie?
1412 2219 1501 2251 πε-

476 2279 725 2348 πηγότος,
762 2277 845 2330 καὶ
875 2284 939 2347 τῇ
978 2273 1232 2348 εὐδαίμονι
1265 2269 1496 2349 Ᾰραῧίᾳ,

476 2357 807 2428 εὑρισκόμενον
830 2359 912 2410 ἐπὶ
942 2364 1037 2410 τῶν
1061 2362 1294 2428 καλάμων
1323 2361 1388 2424 τῇ
1413 2377 1498 2409 συ

477 2455 621 2496 caen
646 2437 777 2490 ἁλσί.
810 2437 1081 2490 Nearchus
1108 2435 1252 2508 apud
1278 2437 1497 2490 Strabo·

476 2533 637 2580 nem,·
665 2516 759 2568 lib.
782 2517 931 2571 XV:
964 2516 1137 2586 E'v'pnxt
1170 2511 1231 2568 δὲ
1270 2517 1354 2570 καὶ
1386 2517 1497 2587 περὶ

476 2601 572 2648 τῶν
596 2596 831 2666 καλάμων
860 2595 935 2649 ὅτι
955 2601 1145 2650 ποιοῦσι
1170 2597 1308 2667 μέλι,
1326 2603 1498 2666 μελισ-

478 2682 575 2728 σῶν
602 2675 670 2745 μὴ
704 2678 878 2729 οὐσῶν.
920 2675 1081 2728 Hisce
1126 2693 1155 2728 e
1186 2677 1500 2729 testimoniis

476 2754 543 2809 cl.
568 2754 880 2818 Srnnncne,
903 2753 1098 2808 Bodaeo
1124 2756 1343 2827 aliisque
1362 2774 1496 2826 prae·

476 2835 757 2900 euntibus,
778 2835 917 2887 nihil
950 2833 1099 2886 aliud
1133 2853 1241 2887 esse
1280 2835 1496 2888 saccha-

474 2929 591 2965 rum
620 2914 879 2967 Veterum
917 2915 1285 2984 pronuntiavit
1335 2933 1494 2984 quam

474 2991 697 3044 Bambon
717 2994 1087 3046 arundmaeeam
1108 2987 1276 3058 (1124.-
1303 3014 1494 3064 monog.

474 3070 618 3125 Pers.
635 3090 753 3142 gen.
774 3075 845 3142 87
858 3072 1215 3124 1.Bamhusam
1236 3073 1497 3126 arundinei

474 3167 629 3216 ceum,
656 3151 858 3206 Willd.
904 3152 1127 3206 Gmmin.
1173 3153 1309 3206 Juss.
1326 3143 1349 3221 )
1386 3153 1495 3206 Sed

474 3229 600 3301 ipsa*
624 3231 736 3284 viri
786 3233 945 3284 verba
989 3232 1284 3286 exscribere
1332 3236 1497 3287 satius

472 3309 634 3364 fuerit
676 3329 691 3364 τ
748 3312 988 3383 *Liquet
1053 3310 1211 3378 inde,
1270 3328 1490 3384 quanto·

470 3407 599 3460 pere
631 3389 843 3446 differat
890 3392 1197 3446 saccharum
1230 3393 1490 3460 Veterum

472 3489 502 3522 a
539 3483 739 3522 nostro.
783 3470 849 3524 ld
894 3472 1052 3525 sensit
1114 3473 1320 3543 primus
1378 3473 1489 3523 fere

470 3547 788 3615 Munardus,
829 3551 1313 3607 contradicentibus
1352 3551 1488 3602 Mat·

470 3627 639 3682 thiolo
654 3669 671 3694 ,
690 3629 969 3684 Mundella
988 3633 1225 3700 aliisque.
1257 3631 1397 3682 Bene
1420 3629 1484 3680 il·

466 3707 713 3763 lustravit
734 3712 872 3764 hanc
902 3729 1015 3764 rem
1038 3709 1347 3770 Salmasius,
1372 3707 1483 3758 Ho-

468 3807 607 3842 mon.
646 3790 757 3860 hyl.
798 3791 917 3844 intr.
953 3807 1068 3859 pag.
1116 3806 1236 3855 ¹09·
1262 3786 1484 3840 Garoias

467 3881 669 3927 autem.
692 3869 825 3921 Hist.
854 3872 1039 3920 Arom.
1064 3867 1123 3934 1,
1156 3883 1246 3930 12,
1276 3864 1484 3936 primus

467 3949 577 4000 fere
604 3947 785 4002 docuit
808 3947 1118 3998 bambusnm
1144 3963 1325 3998 revera
1349 3945 1482 4000 mel·

1586 847 1652 900 lis
1677 847 1916 902 concreti
1956 847 2184 918 speciem
2221 861 2322 916 per
2361 845 2611 917 genicula

1585 927 1919 981 transsudat-e
1931 965 1946 992 ,
1965 945 2082 998 qun
2099 927 2404 980 saccharum
2419 945 2614 979 verum

1585 1009 1843 1062 Veterum
1889 1007 2063 1060 fuerit.
2096 1007 2312 1061 Confer.
2348 1007 2546 1060 Christ.
2579 1025 2614 1058 a

1585 1089 1742 1142 Costa
1759 1126 1775 1154 ,
1795 1088 1994 1141 Hister.
2011 1091 2193 1139 Arom.
2214 1089 2267 1139 6.
2291 1086 2471 1139 Nostri
2499 1105 2614 1139 sac-

1585 1156 1760 1232 chari,
1791 1185 1820 1220 e
1849 1166 2202 1237 conquassatis
2240 1165 2458 1217 maban·
2491 1159 2613 1217 cul-

1585 1249 1686 1299 mis
1731 1247 1962 1319 expressi
1980 1285 1998 1307 .
2041 1244 2322 1316 vestigium
2367 1246 2612 1316 primum

1583 1326 1844 1380 invenisse
1901 1325 2036 1381 mihi
2095 1321 2285 1380 videor
2333 1325 2389 1376 in
2440 1325 2614 1378 Mosis

1585 1405 1938 1459 Chorenensis
1983 1405 2268 1476 geograph.
2327 1405 2610 1457 Armenio.

1583 1503 1703 1556 pag.
1738 1485 1885 1550 364,
1916 1486 2008 1555 qui
2043 1484 2110 1536 ad
2154 1482 2610 1553 Gondisaporam,

1583 1565 1850 1636 Euphrati
1907 1558 2229 1635 adjacentem
2251 1603 2268 1628 ‚
2338 1563 2614 1633 optimum

1585 1645 1690 1698 coli
1717 1645 2024 1697 saccharum
2058 1643 2305 1697 affirmat.
2344 1643 2530 1708 Quum
2566 1643 2616 1695 is

1582 1725 1811 1796 scriptor
1835 1722 2026 1778 saeculo
2051 1724 2242 1792 quinto
2265 1717 2445 1774 medio
2465 1722 2613 1774 vixe-

1583 1804 1685 1870 rit,
1725 1815 1848 1856 ante
1887 1803 2003 1856 haec
2039 1813 2278 1874 tempora
2311 1801 2424 1853 solo
2449 1801 2613 1854 melle

1583 1874 1678 1935 illo
1707 1883 1972 1935 bambusae
2009 1893 2257 1935 concreto
2300 1880 2611 1935 utebantur.

1585 1961 1832 2014 Saraceni
1877 1960 1933 2013 id
1960 1961 2027 2014 ab
2073 1959 2344 2031 Euphrate
2385 1958 2610 2012 demum

1585 2042 1827 2112 Cyprum
1877 2054 1931 2094 et
1974 2039 2234 2094 Groeciatn
2281 2053 2610 2110 transporta-

1583 2133 1710 2172 runt
1733 2109 2023 2190 (Bongars.
2043 2132 2184 2190 gesta
2203 2120 2302 2171 Dei
2318 2137 2416 2190 per
2443 2116 2611 2172 Fran-

1583 2217 1674 2256 cos
1707 2200 1780 2262 11,
1818 2189 1968 2268 ²70·)
2001 2199 2157 2252 Conf.
2182 2197 2252 2252 de
2277 2199 2432 2252 melle
2453 2199 2611 2251 bam-

1583 2279 1728 2332 busae
1750 2279 1887 2332 Phil.
1923 2279 2152 2332 Russel
2137 2299 2192 2331 in
2212 2277 2289 2330 ΡΙ
2291 2279 2397 2331 clos
2425 2275 2476 2331 T
2472 2298 2613 2330 rans

1584 2369 1680 2410 σοι.
1731 2359 1968 2424 LXXX,
2019 2357 2192 2428 ²73.-
2240 2358 2396 2412 Conf.
2445 2357 2610 2412 etiam

1582 2429 1714 2490 Bod.
1737 2458 1766 2491 a
1781 2437 1972 2508 Stapel.
1994 2451 2107 2491 not.
2131 2437 2186 2490 in
2207 2436 2481 2508 Theophr.
2502 2437 2610 2504 IV,

1590 2535 1614 2570 1
1630 2536 1690 2582 a,
1721 2518 1816 2569 ubi
1845 2515 1915 2570 de
1949 2517 2050 2570 hac
2075 2532 2133 2569 re
2156 2514 2414 2570 fusissime
2437 2513 2609 2570 disse-

1580 2597 1670 2650 rit.
1703 2599 1810 2651 En.

1667 2695 1718 2730 2.
1746 2677 1844 2729 Est
1871 2687 2026 2730 autem
2049 2675 2144 2728 mel
2169 2673 2480 2728 anmdinibus
2499 2677 2606 2728 col-

1581 2745 1770 2810 lectum.
1809 2758 1932 2810 Non
1961 2754 2126 2818 dixit.
2174 2777 2234 2808 es:
2263 2753 2603 2809 arcmdt‘nibus.

1583 2836 1743 2889 Aliud
1775 2849 1950 2890 tamen
1994 2835 2222 2888 sacchari
2266 2853 2432 2904 genus
2466 2835 2607 2902 suit,

1583 2913 1726 2989 apud
1750 2918 2031 2988 Antiquos,
2051 2933 2114 2966 ex
2132 2913 2260 2984 ipsis
2276 2911 2606 2968 arundinum

1584 2995 1852 3050 radicibus
1895 3013 2225 3064 expressum,
2267 3005 2325 3045 ut
2355 2992 2430 3045 ait
2461 2993 2600 3047 soli-

1583 3095 1720 3141 nus,
1747 3094 1863 3139 ¹⁴¹1ss
1885 3088 1936 3126 et
1964 3073 2207 3126 Lucanus
2232 3069 2333 3135 111,
2361 3089 2438 3125 vs.
2465 3073 2600 3144 237:

1585 3155 1849 3224 «Quique
1887 3152 2078 3205 bibunt
2118 3165 2297 3204 tenera
2323 3147 2506 3206 dulces
2533 3154 2602 3206 ab

1583 3231 1844 3286 arundine
1865 3249 2064 3284 succos.
2089 3257 2110 3278 ι
2141 3231 2209 3284 Et
2235 3229 2426 3284 Isidor.
2449 3231 2600 3302 Orig.

1583 3313 1766 3375 xvu,
1790 3328 1844 3381 7:
1877 3311 1973 3362 «In
2000 3309 2216 3376 Indicis,
2239 3311 2434 3381 inquit,
2456 3311 2600 3364 nasci

1581 3388 1864 3444 arundines
1895 3390 2189 3462 calamique
2216 3387 2498 3456 dicuntur,
2534 3411 2600 3444 ex

1579 3487 1807 3541 quorum
1840 3468 2109 3522 radicibus
2139 3489 2438 3542 expressum
2485 3489 2602 3523 sna·

1579 3549 1849 3600 vissimum
1897 3567 2112 3602 succum
2147 3548 2394 3604 bibunt.»
2436 3548 2598 3603 Unde

1571 3642 1623 3682 et
1653 3629 1826 3681 Varro
1864 3629 1969 3682 ait:
1994 3653 2015 3676 ιι
2045 3629 2226 3682 Indica
2253 3649 2359 3683 non
2401 3648 2599 3701 magna

1571 3708 1731 3760 nimis
1764 3707 1953 3762 arbore
1989 3709 2176 3762 crescit
2219 3708 2426 3763 arundo
2456 3729 2472 3761 z
2520 3711 2596 3762 11-

1571 3787 1675 3840 lius
1726 3806 1757 3840 e
1808 3788 1964 3842 lentis
2017 3789 2279 3861 premitur
2319 3787 2597 3842 radicibus

1570 3866 1792 3930 humor,
1831 3867 2017 3922 Dulcia
2037 3869 2123 3922 cui
2147 3881 2407 3940 nequeant
2431 3887 2596 3921 succo

1571 3945 1866 4002 concedere
1883 3947 2054 4002 mella.
2091 3975 2110 3996 ι
2141 3947 2247 4000 Sed
2273 3960 2325 4000 et
2353 3947 2596 4002 sacchari
