2850 4684
1034 400 1334 467 LIBER
1386 396 1582 467 XVI.
2231 394 2367 469 553

240 528 549 623 Namque
578 529 795 601 baccae
826 529 967 622 ejus
994 528 1394 624 colliguntur
1422 554 1646 599 mense
1667 511 1972 622 januario
1997 580 2016 613 ,
2056 541 2124 596 et
2159 531 2330 598 maio
2347 584 2366 617 ‚

240 650 309 704 et
334 635 729 729 septembri:
774 648 1126 730 ternasque
1156 660 1383 707 earum
1407 634 1456 659 ¹⁰
1487 636 1656 729 gerit
1695 633 2197 729 magnitudines.
2245 638 2364 705 Est
2400 646 2432 697 3

242 761 405 809 vero
440 756 505 811 et
540 742 609 809 in
641 742 797 836 ipsis
824 740 1173 812 arboribus
1192 740 1236 766 ¹¹
1278 743 1476 811 etiam
1521 742 1770 811 onustis
1808 737 2152 834 peculiaris
2177 740 2366 813 diffe-

242 848 472 920 tentia.
534 850 809 934 Summa
852 849 957 917 sui
1014 862 1203 943 parte
1261 846 1638 933 fertiliores,
1678 847 1951 917 arbutus
1971 899 1992 933 ‚
2043 870 2360 941 quercus:

240 951 597 1037 inferiore,
631 950 1014 1049 juglandes,
1056 953 1167 1024 fici
1215 951 1569 1023 mariscae¹²
1574 956 1886 1022 .Omnes
1909 1006 1930 1039 ‚
1971 977 2106 1047 quo
2153 952 2360 1049 magis

240 1073 635 1144 senescunt,
677 1058 809 1133 hoc
856 1061 1177 1131 maturius
1219 1058 1482 1145 ferunt,
1525 1073 1592 1129 et
1633 1060 1702 1129 in
1739 1060 1978 1154 apricis
2017 1057 2212 1142 locis,
2242 1084 2366 1129 nee

240 1164 473 1281 pingui
518 1178 711 1235 terra.
760 1148 1239 1236 Silvestriorass
1282 1166 1506 1235 omnia
1549 1165 1860 1235 tardiora.
1911 1164 2232 1254 Quaedam
2283 1191 2364 1236 ex

242 1271 323 1339 iis
362 1272 635 1341 omnino
662 1295 786 1341 nec
824 1286 1303 1343 maturescunt·
1341 1275 1512 1341 Item
1553 1296 1700 1366 quae
1739 1268 2155 1341 subarantur-¹
2161 1258 2187 1303 ⁴
2200 1286 2368 1357 ,aut

242 1400 389 1469 quae
411 1374 911 1471 ablaqueantur,
939 1377 1255 1448 celeriora
1284 1376 1636 1473 neglectis:
1660 1378 1804 1447 haec
1829 1391 1896 1445 et
1921 1363 2317 1446 fertiliora¹⁵.

348 1484 465 1551 LI.
520 1485 642 1553 Est
684 1485 1045 1555 etiamnum
1094 1486 1303 1554 aetatis
1348 1482 1743 1554 differentia.
1783 1482 2150 1579 Amygdala
2188 1485 2364 1552 enim
2411 1524 2428 1553 ι

240 1602 311 1657 et
338 1588 521 1680 pirus
548 1590 615 1658 in
643 1603 905 1661 senecta
930 1588 1341 1663 fertilissimae
1369 1619 1386 1660 ε
1413 1604 1492 1659 ut
1527 1604 1597 1659 et
1617 1587 2029 1685 glandifera-2,
2055 1604 2123 1659 et
2143 1590 2364 1684 quod-

240 1694 399 1763 dam
438 1719 647 1788 genus
676 1694 977 1767 ficorum.
1016 1698 1289 1767 Caeterae
1326 1697 1394 1766 in
1429 1697 1704 1790 juventa
1731 1694 2111 1789 tardiusque
2141 1709 2365 1764 matu-

244 1813 506 1888 rantes3
569 1802 747 1895 quod
808 1802 1089 1871 maxime
1144 1816 1413 1871 notatur
1460 1804 1528 1871 in
1572 1801 1838 1871 vitibus.
1879 1801 2368 1872 Vetustioribus

242 1907 421 1975 enim
444 1908 699 1975 -vinum
744 1907 1014 1993 melius;
1062 1906 1337 1978 novellis
1383 1908 1730 2004 copiosius.
1804 1906 2162 1978 Celerrime
2207 1932 2367 1977 vero

242 2015 521 2082 senescit
546 2063 569 2097 ‚
608 2027 679 2083 et
712 2014 781 2082 in
814 2028 1079 2083 senecta
1104 2013 1500 2084 deteriorem
1538 2012 1830 2083 fructum
1870 2014 2076 2108 gignit
2117 2011 2362 2081 malus:

242 2142 529 2213 namque
565 2134 637 2191 et
681 2121 938 2188 minora
983 2146 1183 2215 poma
1231 2110 1673 2216 proveniuut‘,
1729 2134 1799 2189 et
1846 2116 2220 2190 vermiculis
2263 2118 2372 2188 ob-

331 2351 416 2387 ιο.
444 2334 718 2407 Τεηιωᾳιιο
736 2352 919 2387 earum.
938 2333 1261 2407 Tergemina
1349 2334 1580 2399 rior-em,
1605 2333 2012 2388 inferioremve:
2041 2334 2133 2387 sed
2155 2336 2256 2388 soli
2271 2372 2288 2399 ,
2317 2335 2372 2386 in

242 2412 559 2484 est,inquit,
584 2410 963 2483 magnitudinis
980 2414 1263 2479 baccarum
1350 2432 1462 2485 qno
1475 2424 1554 2467 est
1568 2454 1584 2477 ‚
1605 2413 1766 2467 situm
1783 2453 1800 2479 ‚
1817 2428 2130 2467 montanum
2149 2414 2370 2473 scilicet,

243 2490 565 2548 differentia.
594 2490 774 2551 fflnn.
1350 2493 1438 2546 vel
1475 2493 1696 2562 planum
1724 2504 1779 2546 et
1805 2506 2174 2564 campestrem.
2216 2494 2372 2547 Prius

332 2591 355 2625 ι
375 2590 423 2623 r.
466 2572 541 2625 Et
582 2576 637 2625 ιἰι
678 2574 795 2641 ipsis
834 2571 1081 2623 arboribus
1102 2612 1119 2635 ,
1159 2583 1264 2624 etc.
1350 2572 1622 2642 legebatur
1647 2589 1661 2623 :
1691 2594 1716 2615 ι
1742 2572 1961 2625 Summa
1985 2572 2066 2624 sui
2093 2586 2244 2642 parte
2267 2573 2374 2625 fer-

242 2650 516 2723 Tbeophr.
542 2652 741 2706 Histor-
770 2650 865 2703 lib.
894 2650 923 2701 1
948 2688 963 2715 ,
1010 2668 1130 2721 cap.
1168 2648 1261 2703 23.
1351 2651 1500 2705 tilior
1529 2662 1608 2703 est
1651 2651 1870 2702 arbutus
1918 2667 1932 2701 :
1972 2667 2202 2718 quercus
2239 2649 2372 2704 infe·

250 2732 453 2784 Dumc.
1350 2730 1496 2783 riore
1511 2766 1527 2793 ,
1553 2740 1655 2781 etc.
1681 2752 1706 2775 ι
1729 2724 1850 2790 (sic
1871 2726 2092 2781 Gronov
2115 2728 2308 2799 aliique
2325 2722 2372 2797 )-

334 2808 647 2865 12.Smnm
665 2820 809 2881 parte
827 2808 1047 2877 fertilior
1083 2819 1157 2860 ese
1180 2826 1265 2859 ar·
1352 2807 1641 2879 Multiplici
1656 2846 1673 2873 ,
1699 2818 1758 2859 ut
1782 2819 1956 2877 patet,
1980 2824 2179 2861 errore.
2205 2806 2274 2860 Η.
2292 2840 2374 2853 —-

244 2890 419 2955 batus,
449 2909 647 2962 quercus
676 2887 930 2965 &ferme-e,
960 2887 1267 2957 juglandes,
1360 2888 1409 2939 F
1404 2891 1470 2939 ica·
1504 2890 1735 2940 mamea.
1783 2887 1864 2939 De
1909 2886 1994 2938 hi·
2039 2886 2248 2957 egimus
2277 2886 2371 2938 lib.

231 2969 355 3037 fici.
398 2972 629 3021 κατέσειε.
658 2966 1003 3021 Emendatius
1023 2967 1269 3039 antiquus
1354 2968 1498 3026 XV,
1527 2985 1644 3038 cap.
1680 2985 1770 3036 ¹9·
1797 2965 1977 3019 lium.

244 3046 459 3103 codex.
493 3048 765 3101 «Summa
796 3046 879 3101 uni
919 3058 1071 3118 parte
1110 3045 1528 3100 ferti-13.
1558 3044 1880 3099 Silveseriom.
1907 3043 2135 3097 Tardius
2165 3062 2228 3097 ea
2261 3044 2374 3097 fru-

246 3129 407 3181 liore·
424 3128 667 3192 arbutus,
692 3144 955 3198 quercus·
940 3164 957 3191 ‚
978 3126 1231 3180 inferiore
1246 3162 1263 3191 ‚
1352 3138 1470 3179 ctus
1500 3144 1624 3179 suos
1665 3125 1969 3198 perficiunt.
2015 3124 2374 3195 Theophrast.

242 3206 550 3279 juglandes,
588 3208 678 3260 fici
698 3245 715 3271 ,
760 3206 1013 3260 man-isca.
1041 3231 1065 3254 ι
1099 3205 1261 3261 Pur.
1352 3204 1488 3258 Hist.
1517 3204 1612 3258 lib.
1639 3206 1724 3257 111
1741 3244 1759 3269 ‚
1783 3223 1898 3276 cap.
1924 3205 1957 3258 3
1985 3222 2000 3257 :
2024 3205 2256 3257 πεπαίνει
2277 3204 2372 3275 γὰρ

246 3316 326 3330 —-
344 3285 557 3339 Summa.
584 3286 710 3339 Hac
748 3286 853 3339 loci
896 3286 1057 3355 hujus
1096 3284 1265 3339 since·
1352 3284 2022 3356 ὄψιαίτιρον.Ηιιιυ.-Νω
2039 3296 2375 3337 maturescunt.

248 3366 453 3420 risuima
478 3366 635 3421 lectio
651 3402 669 3427 ‚
701 3384 861 3437 quam
887 3366 1083 3437 partim
1108 3382 1175 3417 ex
1205 3382 1265 3417 re
1354 3364 1600 3418 Gronov.
1628 3377 1682 3418 et
1703 3365 1844 3429 Alii,
1867 3384 1962 3416 non
1987 3375 2160 3415 matur.
2191 3364 2296 3417 En.

246 3448 359 3517 ipsa
377 3484 395 3511 ,
422 3446 619 3517 partim
650 3445 905 3498 Varronis
930 3445 1095 3517 ipsius
1119 3445 1265 3499 tenti-
1439 3449 1529 3507 14.
1558 3446 1680 3497 Ῑτειιι
1711 3463 1818 3516 qua
1857 3444 2163 3496 subarantur.
2201 3442 2371 3495 Suba-

248 3525 431 3580 monio
458 3538 685 3581 tuemur.
711 3524 800 3578 Sic
822 3524 967 3577 enim
992 3524 1083 3577 ille
1110 3521 1179 3577 de
1200 3524 1265 3577 R.
1352 3540 1500 3588 rare,
1551 3536 1630 3578 eut
1678 3523 1866 3578 subtus
1915 3520 2118 3577 arando
2175 3532 2372 3575 terram

247 3608 314 3660 R.
337 3605 430 3659 lib.
461 3607 521 3669 1,
552 3622 671 3676 cap.
700 3608 733 3658 6
764 3622 779 3654 ι
821 3630 843 3653 ι
872 3604 1094 3658 Sursum
1119 3603 1267 3657 ferti·
1353 3620 1570 3657 movere
1596 3622 1610 3655 ι
1635 3601 1780 3657 idem
1805 3604 1916 3656 fere
1947 3598 2094 3673 quod
2127 3602 2379 3672 ablaque-

246 3685 407 3739 liores
426 3723 443 3753 ,
493 3697 557 3737 ut
607 3683 825 3739 arbutus
882 3700 947 3737 ae
990 3700 1215 3753 quercus
1250 3700 1265 3736 ε
1356 3700 1466 3736 are.
1487 3680 1671 3734 nnn.

247 3762 497 3818 deorsum
520 3799 538 3827 ‚
592 3776 653 3817 ut
703 3780 867 3817 nuce·
924 3762 1127 3815 (Γπ-ηοω
1145 3798 1163 3825 ,
1214 3772 1271 3816 et
1443 3763 1532 3817 15.
1575 3763 1702 3815 Hoee
1739 3774 1788 3815 et
1817 3762 2084 3829 see-tmen.
2127 3758 2334 3831 Nempe
2356 3798 2370 3820 .

250 3845 487 3897 marisca
504 3843 610 3897 fici.
629 3870 655 3891 s·
671 3844 849 3895 Varro
866 3855 1039 3894 tamen
1063 3858 1129 3893 eo
1152 3853 1267 3894 toto
1354 3860 1474 3915 quo
1491 3843 1826 3895 subarantur·
1844 3841 1980 3894 Nam
2006 3853 2064 3894 ut
2083 3840 2242 3911 paulo
2255 3852 2377 3911 post

247 3922 423 3995 capite
432 3940 599 3993 quum
610 3940 794 3975 sue-sm
809 3940 871 3975 nc
888 3922 1103 3973 deorsum
1112 3918 1266 3987 dicit,
1354 3923 1468 3992 ipse
1493 3920 1787 3982 verissime,
1818 3943 1839 3963 ·
1867 3920 2058 3973 Omnis
2078 3937 2204 3973 cura
2227 3919 2396 3981 ferti<

251 4020 361 4055 uon
395 4013 599 4074 partem
631 4000 837 4056 arboris
880 4001 1079 4071 signat,
1110 4018 1265 4071 supe·
1354 4001 1551 4055 litatem
1571 4001 1810 4073 ·adjicit.-
1847 4002 2026 4053 Hane.
