2850 4684
1014 405 1333 477 LIBER
1383 406 1548 475 XV.

2191 408 2338 506 467
2425 417 2432 439 ‘

198 538 502 632 accepit,
528 560 732 631 quum
761 549 955 632 pacta
981 551 1151 607 esset
1170 535 1281 606 illa
1306 539 1584 622 Caesari,
1610 536 1918 634 gallinam
1937 538 1983 580 ¹⁷
2007 544 2346 637 conspicui

202 642 823 737 candorissedenti
859 642 1077 737 aquila
1119 668 1201 713 ex
1242 642 1377 713 alto
1420 644 1660 738 abjecit
1708 646 1776 713 in
1822 648 2146 740 gremium
2187 648 2346 718 illae-
2385 718 2392 724 ,

202 774 353 835 sam
384 776 405 835 3
448 748 921 846 intrepideque·
944 748 1211 819 miranti
1245 751 1520 820 accessit
1551 750 1975 837 miraculum,
2033 756 2344 847 quoniam

202 870 469 926 teneret
516 872 733 927 rostro
766 855 1355 926 laureumramum
1388 870 1700 926 onustum
1730 858 1864 927 suis
1893 859 2132 929 baccis.
2175 864 2350 931 Con-

206 962 463 1031 servari
510 962 735 1032 alitem
779 977 849 1031 et
898 962 1195 1033 sobolem
1230 963 1484 1056 jussere
1525 966 1860 1058 aruspices
1882 1016 1901 1049 ‚
1955 990 2348 1062 ramumque

207 1092 367 1137 eum
402 1070 559 1154 seri,
586 1093 665 1138 ac
710 1071 833 1137 rite
874 1070 1213 1139 custodiri.
1246 1068 1450 1158 Quod
1491 1068 1740 1139 factum
1777 1083 1878 1139 est
1911 1072 1979 1140 in
2013 1069 2169 1141 villa
2203 1077 2344 1143 Cae-

206 1198 437 1245 sarum
462 1228 483 1255 ‚
548 1174 777 1269 fluvio·
808 1176 1032 1244 Tiberi
1072 1177 1379 1270 imposita
1429 1175 1616 1268 juxta
1671 1200 1920 1245 nonum
1950 1163 1999 1201 ¹⁸
2060 1176 2342 1273 lapidem

204 1279 537 1349 Flaminia
565 1280 713 1365 via,
757 1306 903 1375 quae
929 1281 1021 1351 ob·
1052 1277 1117 1350 id
1155 1295 1434 1350 vocatur
1467 1281 1570 1349 Ad
1609 1280 1881 1379 gallinas
1903 1280 1952 1320 ¹⁹
1991 1309 2006 1351 :
2051 1286 2345 1381 mireque

206 1383 377 1455 silva
420 1387 746 1479 provenit.
793 1390 902 1455 Ex
950 1411 1030 1457 ea
1062 1386 1480 1482 triumphans
1515 1403 1746 1481 postea
1779 1392 2035 1476 Caesar‚
2079 1390 2342 1461 laurum
2381 1415 2410 1467 5

202 1494 275 1561 in
333 1514 535 1561 mauu
584 1495 798 1561 tenuit
821 1543 840 1577 ,
904 1516 1355 1587 coronamque
1403 1496 1620 1587 capite
1676 1496 1917 1590 gessit:
1962 1520 2042 1565 ac
2107 1496 2346 1567 deinde

202 1600 641 1693 imperatores
688 1602 979 1669 Caesares
1026 1601 1268 1669 cuncti.
1307 1598 1746 1696 Traditusque
1779 1626 1923 1671 mos
1955 1615 2055 1673 est
2086 1627 2344 1691 rarum,

206 1728 379 1797 quos
422 1718 814 1792 tenuerunt,
864 1705 1167 1793 serendi,
1206 1718 1274 1775 et
1307 1704 1552 1774 durant
1579 1706 1756 1777 silvae
1791 1708 2170 1779 nominibus
2209 1712 2345 1779 suis

205 1809 509 1880 discretae
523 1863 541 1894 ‚
557 1809 849 1879 fortassis
872 1810 1021 1879 ideo
1038 1811 1307 1881 mutatis
1332 1812 2140 1906 triumphalibus²⁰.Unius
2163 1816 2347 1885 arbo-

204 1940 357 1984 rum
400 1914 601 1985 latina
628 1914 851 2010 lingua
894 1942 1139 1986 nomen
1176 1918 1543 2011 imponitur
1563 1918 1609 1945 ²¹
1651 1920 1826 1987 viriS.
1865 1921 2147 1989 Unius²²
2187 1919 2342 1991 folia

200 2116 468 2189 Empirici
503 2117 651 2169 locus
691 2114 837 2169 haud
884 2116 1107 2169 obscure
1146 2116 1227 2169 in·

202 2196 357 2259 nuit,
382 2196 439 2249 in
467 2214 575 2267 quo
604 2208 658 2249 et
686 2196 1010 2249 matrimonii
1040 2212 1225 2248 vocem

202 2276 381 2347 accipi
431 2293 533 2346 pro
578 2293 743 2327 uxore
776 2273 997 2346 dignum
1040 2287 1227 2329 notatu

204 2368 320 2409 eet:
358 2382 379 2402 ·
402 2358 689 2426 Augustam
704 2394 719 2415 ,
752 2354 929 2427 inquit
949 2372 1065 2425 cap.
1084 2372 1195 2408 1111
1209 2393 1225 2418 ,

203 2446 413 2489 constat
430 2436 536 2487 hoc
562 2452 712 2488 usam
734 2435 1067 2493 Messalinam
1089 2475 1106 2498 ,
1138 2432 1231 2487 de-

202 2512 333 2569 inde
350 2514 578 2567 aliorum
606 2513 871 2567 Cesar-um
898 2512 1229 2566 matrimonia

202 2595 313 2647 hoc
365 2592 666 2647 dentifricio
726 2610 821 2647 usa
870 2605 1009 2647 sunt.
1046 2618 1071 2641 ι
1133 2592 1230 2646 Uti

202 2656 408 2743 nempe
458 2674 669 2725 servitia
724 2692 829 2744 pro
873 2672 1067 2736 servis,
1127 2690 1227 2743 pro

202 2752 463 2807 ministris
493 2752 780 2807 ministeriu
816 2751 993 2805 Latini
1030 2748 1227 2804 dixere.

202 2832 389 2885 ΒΑΜ).

292 2930 388 2980 17·
430 2910 701 2965 Gallinam.
752 2910 871 2963 Hoc
920 2906 1225 2980 prodigium

201 2990 387 3043 verbis
410 2988 632 3043 totidem
655 2991 767 3044 fere
796 3002 971 3042 narret
996 2988 1101 3042 Dio
1126 2988 1222 3041 lib.

204 3070 477 3134 XLVIII,
522 3088 641 3141 pag.
680 3071 812 3138 389.
851 3069 1025 3121 Etiam
1064 3067 1223 3138 paulo

198 3147 497 3204 dilucidius
536 3148 881 3221 Tranquillus
920 3148 976 3200 in
1025 3147 1193 3201 Galba
1208 3187 1224 3213 ,

200 3247 321 3301 cap.
352 3248 392 3282 1.
422 3227 601 3280 Hm.

292 3310 383 3361 18.
412 3309 599 3363 Nonum
619 3308 843 3379 lapident.
866 3306 1085 3360 Nonum
1109 3307 1225 3359 mil·

199 3388 367 3445 liare.
414 3388 719 3441 Plutarcho.
762 3386 1013 3440 Tiberius
1056 3386 1220 3441 Grac·

202 3468 337 3520 chus
360 3468 473 3521 vias
501 3467 819 3520 milliaribus
850 3465 1117 3519 dimensus
1148 3478 1226 3521 est

204 3564 395 3599 omnes
412 3544 593 3619 ,quod
617 3546 847 3619 spatium
878 3564 1063 3617 parum
1078 3546 1226 3598 abest

202 3626 270 3679 ah
308 3638 433 3679 octo
470 3624 677 3685 stadiis,
718 3627 935 3698 ejusque
972 3642 1227 3677 mensuras

202 3717 387 3758 notam
433 3703 695 3776 lapideam
742 3704 1075 3758 columellam
1125 3716 1227 3755 sta-

208 3784 343 3838 tuit:
378 3802 439 3837 ae
462 3798 714 3855 praterea
738 3802 802 3836 ex
822 3798 1051 3855 utraque
1078 3794 1227 3854 parte

205 3863 303 3917 vio
328 3861 534 3935 lapides
558 3882 749 3935 parum
780 3864 848 3917 ab
886 3862 1113 3915 invicem
1142 3860 1225 3913 di-

203 3955 401 3997 stantes
429 3941 716 4014 disposuit,
744 3962 774 3996 e
803 3944 998 4012 quibus
1022 3940 1227 3995 facilius

204 4022 358 4075 salire
398 4022 455 4075 in
502 4040 699 4093 equum
745 4022 967 4084 liceret,
1016 4038 1113 4073 nec
1156 4028 1225 4090 τῷ

1314 2114 1544 2171 &vagalii
1579 2136 1714 2190 opus
1753 2133 1882 2173 esset
1915 2142 1927 2171 ε
1977 2138 2084 2191 quo
2123 2120 2180 2173 in
2203 2066 2346 2175 Ἰοοο

1314 2194 1561 2250 &aeolia
1592 2196 1812 2269 quidam
1841 2199 2079 2271 stapham
2109 2213 2342 2253 nostram

1314 2290 1616 2346 exponunt,
1651 2278 1743 2331 alii
1776 2296 1989 2332 servum
2025 2297 2220 2351 corpus
2252 2278 2345 2333 do-

1314 2356 1446 2408 mini
1473 2356 1747 2429 prehensis
1765 2358 1980 2412 natibus
1993 2359 2334 2413 attollentem.

1314 2434 1454 2489 Inde
1478 2455 1604 2489 usus
1630 2436 1886 2501 obtinuit,
1919 2451 1981 2491 ut
2005 2438 2230 2491 milliare
2263 2438 2341 2491 la·

1314 2514 1398 2585 pis
1440 2528 1678 2569 vocetur.
1721 2516 2066 2582 Brissonius,·
2089 2517 2186 2571 lib.
2236 2517 2336 2582 IV,

1314 2610 1430 2665 cap.
1458 2612 1512 2663 9.
1535 2596 1739 2647 Dum.

1403 2692 1492 2743 19.
1515 2674 1606 2726 Ad
1620 2673 1853 2742 gallinas.
1875 2671 2094 2726 Sueton.
2115 2673 2218 2726 loc.
2241 2672 2333 2725 cit.

1323 2751 1521 2805 «Tanta
1544 2751 1813 2823 pullorum
1833 2751 2039 2805 soboles
2057 2752 2332 2823 provenit,

1318 2842 1375 2883 ut
1400 2829 1566 2885 hodie
1595 2849 1812 2902 quoque
1840 2849 1900 2883 ea
1923 2828 2050 2883 villa
2077 2828 2146 2883 ad
2171 2830 2333 2883 Gaui-

1313 2928 1407 2962 nns
1445 2923 1666 2963 vocetur
1695 2928 1709 2962 τ
1750 2910 1854 2963 tale
1884 2928 2014 2962 vero
2039 2910 2331 2974 lauretum,

1313 3002 1373 3041 ut
1400 2988 1780 3060 triumphaturi
1814 2990 2043 3043 Cesarea
2071 2988 2196 3042 inde
2224 2989 2330 3042 lau·

1312 3086 1429 3121 reas
1455 3067 1802 3139 decerperent
1819 3106 1836 3129 ,
1863 3080 1961 3122 etc.
1994 3095 2017 3116 ι
2047 3068 2231 3122 Hine.

1395 3166 1481 3201 ιο.
1513 3148 1719 3200 Mutati-s
1751 3148 2128 3221 triumphalibus.
2161 3148 2330 3219 Abie-

1309 3238 1399 3281 cto
1429 3246 1494 3281 eo
1532 3244 1724 3299 genere
1763 3228 1942 3282 laurus
1984 3227 2181 3293 sterili,
2219 3246 2330 3299 quo

1308 3305 1515 3361 dietum
1553 3319 1630 3361 eet
1667 3306 1796 3359 olim
1837 3308 2222 3378 triumphantes
2251 3308 2330 3361 uti

1312 3404 1427 3457 cap.
1455 3388 1552 3455 39,
1590 3387 1884 3457 laureisque
1920 3406 1984 3441 ex
2019 3387 2120 3440 hec
2154 3386 2332 3458 potius

1312 3466 1442 3519 silva
1467 3464 1660 3536 petitis.
1682 3462 1866 3518 Heni).

1397 3564 1424 3598 a
1441 3564 1462 3597 1
1477 3584 1490 3596 .
1521 3544 1706 3597 Nomen
1734 3548 2002 3614 liuponitur.
2045 3544 2122 3597 Ut
2149 3544 2331 3598 Tullio

1316 3624 1590 3678 Ciceronis
1623 3625 1846 3688 liberto,
1879 3625 2095 3680 [nureo
2138 3642 2334 3696 cogno-

1313 3705 1546 3768 minato,
1593 3701 1662 3757 de
1689 3722 1796 3775 quo
1825 3704 1918 3757 lib.
1953 3704 2171 3768 xxxl,
2215 3724 2329 3775 oep.

1318 3782 1369 3836 3.
1408 3782 1592 3834 Haut).

1395 3882 1484 3916 aa.
1523 3862 1676 3915 Unius
1689 3860 1846 3928 solia.
1889 3864 1951 3915 Iu
1981 3861 2086 3915 hoc
2113 3880 2222 3913 uno
2247 3880 2335 3933 ge-

1314 3959 1470 4003 nere,
1501 3940 1645 3995 aliud
1669 3941 1878 4006 arbori,
1914 3939 2060 3995 aliud
2093 3940 2223 3991 folio
2245 3958 2338 3992 no-

1320 4038 1460 4073 men.
1493 4019 1672 4074 Hinn.

1939 4127 2078 4198 30²
