2850 4684
507 354 648 451 574

1036 358 1111 425 C.
1157 356 1495 425 PLINII
1547 357 1759 425 NAT.
1812 358 2069 427 HIST.

467 492 796 574 riantur,
845 487 961 557 sed
1005 489 1130 557 tria
1173 490 1457 560 maxime
1492 491 1827 583 insignia:
1879 489 2205 559 herbacea
2250 515 2335 560 ac
2380 494 2632 583 virens,

503 620 653 691 quae
679 594 1012 728 plurima
981 609 1120 663 est:
1159 592 1368 664 altera
1403 595 1686 664 candido
1718 594 1923 666 folio:
1952 598 2144 665 tertia
2161 598 2631 688 ‚versicolori‚

441 721 472 773 5
507 727 652 797 quae
677 688 1012 769 Thracia²⁶
1029 714 1324 769 vocatur.
1353 702 1736 770 Etiamnum
1766 702 2107 771 herbaceae
2124 705 2433 772 tenuiora
2448 704 2631 791 folia,

503 824 574 878 et
611 810 680 876 in
720 806 1018 875 ordinem
1057 805 1343 900 digesta,
1386 806 1839 902 densioraque.
1883 810 1965 875 In
2005 808 2132 877 alio
2178 834 2423 939 genere
2440 808 2489 851 ²⁷
2536 812 2631 880 di·

501 938 694 985 versa
725 913 964 981 omnia.
981 914 1118 980 Et
1102 938 1170 979 in
1198 912 1575 982 versicolori
1602 912 1726 983 alia
1744 915 2153 983 tenuioribus
2172 902 2397 985 foliis²⁸
2400 969 2420 1001 ,
2457 919 2629 986 etsi-

447 1036 452 1043 ·
502 1018 743 1089 militer
761 1018 1078 1087 ordinatis
1101 1001 1640 1113 densioribusque
1666 1034 1812 1089 est:
1853 1018 2040 1089 alteri
2076 1023 2299 1115 generi
2322 1022 2627 1117 neglecta

499 1126 644 1195 haec
699 1125 942 1193 omnia.
990 1124 1248 1215 Majora
1295 1150 1562 1219 quoque
1610 1140 1725 1194 aut
1764 1128 2019 1195 minora
2060 1142 2213 1195 sunt
2256 1126 2412 1196 folia
2431 1182 2452 1215 ‚
2488 1154 2629 1197 ma·

501 1230 932 1323 cularumque
989 1228 1220 1297 habitu
1281 1229 1575 1299 distant:

1651 1245 1717 1299 et
1767 1232 1838 1299 in
1898 1230 2251 1300 candidis²⁹
2283 1232 2415 1302 alia
2474 1250 2631 1304 sunt

502 1335 910 1407 candidiora.
951 1331 1339 1404 Adoleseit
1321 1361 1389 1405 in
1437 1334 1915 1431 longitudinem
1958 1340 2263 1468 maxime
2276 1338 2625 1409 herbacea.

433 1467 467 1517 6
500 1444 790 1513 Arbores
843 1426 1129 1511 autem³⁰

1185 1457 1378 1510 necat
1442 1428 2289 1563 candida,omne1nque³'¹

2346 1470 2625 1515 succum

501 1548 861 1619 auferendo
907 1562 1091 1615 tanta
1121 1548 1551 1617 crassitudine
1590 1552 1905 1643 augetur,
1948 1564 2025 1617 ut
2062 1550 2202 1643 ipsa
2242 1550 2449 1621 arbor
2488 1551 2626 1621 fiat.

499 1658 700 1751 Signa
771 1655 913 1748 ejus
929 1708 947 1741 ,
1023 1638 1256 1723 folia3²

587 1900 679 1951 26.
729 1898 857 1967 Quoe
893 1898 942 1949 T
940 1897 1122 1947 lar-acea
1169 1892 1521 1965 Theophrast.

499 1979 556 2035 ἣν
597 1972 665 2035 δὴ
709 1977 908 2031 καλοῦσί
938 1995 1061 2034 τινες
1089 1974 1324 2043 epotata-0.
1370 1972 1441 2025 H.

587 2074 678 2125 ²7·
698 2056 760 2109 In
781 2056 882 2108 alio
903 2074 1092 2127 genere.
1116 2054 1180 2105 In
1199 2053 1302 2104 alio
1329 2051 1521 2104 herba-

499 2154 604 2189 cea
617 2154 838 2205 genere.
865 2134 944 2187 nti
968 2152 1090 2185 mox
1111 2132 1384 2202 geminum
1405 2150 1522 2183 ver-

498 2212 736 2267 sicoloris
761 2213 932 2265 ederae
967 2229 1131 2283 genus
1157 2208 1519 2277 distinguitur.

497 2293 774 2362 Theophr.
789 2292 827 2343 l.
849 2309 895 2343 e.
911 2291 1013 2343 Καὶ
1033 2286 1128 2359 γὰρ
1149 2282 1516 2355 τῆςχὶοῶὃους,

495 2376 526 2427 ἦ
547 2372 632 2439 μὲν
652 2374 963 2440 Kentoripa,
989 2370 1076 2421 καὶ
1095 2368 1523 2437 εὖρυθμοφυλλοτί-

496 2448 1229 2522 ρα,καὶέτιπυιινοφυλλοτὲροι·
1247 2448 1278 2503 ἡ
1301 2442 1355 2497 δ’
1369 2440 1518 2504 ἧττον

495 2532 668 2585 πάντα
698 2534 842 2583 ταῦτ’
877 2530 1080 2597 ἔχουσα.
1116 2525 1219 2579 Καὶ
1245 2532 1334 2587 τῆς
1359 2527 1519 2579 ποικί-

494 2620 612 2675 λης,
638 2611 670 2668 ἡ
703 2610 790 2677 μὶν
835 2612 994 2681 μιῖζον
1016 2648 1032 2673 ,
1068 2608 1100 2664 ἡ
1141 2602 1196 2657 δ’
1225 2606 1431 2675 narem
1460 2608 1517 2659 τὸ

497 2696 665 2761 φύλλον
680 2730 696 2753 ,
725 2690 809 2743 καὶ
837 2692 924 2747 τήν
944 2686 1183 2742 ποικιλίαν
1200 2681 1517 2756 διαφέρουσα.

500 2766 680 2821 Hum-

581 2850 672 2903 28.
705 2848 830 2903 Alia
873 2844 1160 2899 tenuioribus
1177 2844 1331 2911 soliis.
1368 2843 1518 2897 Nihil

495 2928 771 3000 Theophr.
791 2926 914 2981 Hac
927 2925 996 2980 de
1015 2945 1114 2979 suo
1132 2924 1354 2977 Plinius.
1377 2920 1517 2976 Du..

582 3028 673 3078 29.
696 3008 771 3060 Et
791 3011 842 3059 in
860 3006 1102 3069 candidis,
1127 3017 1226 3056 etc.
1249 3004 1314 3055 In
1337 3000 1517 3055 candi—

495 3086 593 3151 da,
621 3087 723 3140 alia
745 3099 950 3139 tantum
983 3085 1192 3147 fructu,
1237 3082 1336 3135 alia
1361 3082 1514 3135 etiam

496 3167 630 3221 folio
645 3162 875 3219 candida
901 3176 993 3216 est.
1019 3162 1293 3232 Theophr.
1317 3163 1456 3215 Du..

579 3246 669 3297 30.
703 3244 913 3297 Arbores
942 3254 1126 3307 autem,
1148 3254 1247 3295 etc.
1272 3240 1318 3292 E
1335 3239 1517 3293 candi-

497 3322 580 3379 dis
616 3342 733 3395 quo
773 3321 1058 3393 asperrima
1087 3334 1139 3374 et
1167 3321 1396 3373 maxime
1427 3320 1517 3374 sil·

494 3404 682 3459 vestris
707 3415 801 3457 est.
825 3402 961 3454 Du..
983 3432 1062 3444 —-
1079 3400 1310 3454 Arbores.
1340 3400 1519 3453 Theo·

493 3484 695 3555 phrast.
723 3482 760 3533 l.
782 3500 827 3534 c.
853 3476 934 3532 Eo
953 3480 1142 3534 alludit
1167 3481 1325 3533 Poeta
1348 3479 1519 3532 Inbe-

493 3565 602 3617 rius
622 3559 765 3631 apud
792 3560 1028 3613 Maerob.
1055 3558 1266 3614 Saturn-
1297 3560 1393 3612 lib.
1421 3558 1479 3611 11
1497 3598 1515 3626 ,

496 3661 611 3713 cap.
639 3660 703 3711 7,
728 3658 849 3712 pag.
878 3641 988 3703 344
1021 3658 1035 3691 :
1065 3664 1089 3686 ι
1116 3640 1192 3691 Ut
1219 3638 1378 3691 edera
1403 3657 1514 3691 ser-

493 3740 626 3791 pens
653 3720 789 3773 vires
816 3720 1060 3772 arboreas
1086 3731 1273 3782 neent,
1315 3718 1394 3770 Ita
1428 3736 1513 3769 me

495 3812 725 3854 vetustas
747 3798 991 3869 amplexu
1015 3816 1276 3850 annorum
1296 3808 1508 3851 enecat·

493 3880 732 3951 sepulcri
753 3878 938 3931 similis
963 3876 1040 3929 nil
1070 3876 1172 3929 nisi
1187 3893 1398 3930 ‘nomen
1424 3893 1513 3928 re-

492 3960 650 4015 tineo.
678 3986 700 4007 ι
723 3954 912 4012 Edere
921 3975 1114 4009 nomen
1137 3956 1332 4010 sactum
1347 3994 1364 4017 ‚
1386 3954 1511 4025 quin

1351 1656 1637 1723 maxima
1712 1668 1910 1748 atque
1986 1654 2334 1743 latissima,
2405 1682 2625 1726 mam-

1609 1892 1665 1947 id
1680 1933 1695 1957 ,
1717 1894 1804 1947 cui
1829 1892 2133 1959 adhaeserit,
2158 1894 2279 1948 edat
2298 1936 2317 1961 ,
2336 1895 2527 1951 Festus
2548 1898 2631 1949 in·

1608 1974 1749 2038 nuit,
1776 1974 1942 2025 verbo
1968 1974 2125 2025 edem.
2152 1972 2333 2029 Hanno.

1692 2052 1722 2105 3
1736 2072 1786 2106 ι.
1806 2052 2111 2123 omnemque.
2130 2053 2405 2125 Theophr.
2430 2056 2471 2105 l.
2497 2075 2545 2108 e.
2562 2054 2628 2107 H.

1690 2130 1781 2184 32.
1808 2130 1961 2200 Signa
1988 2135 2087 2203 ejus
2102 2172 2121 2197 ,
2136 2134 2263 2201 fhlia
2280 2172 2299 2197 ,
2332 2146 2432 2187 etc.
2455 2134 2593 2205 Lege
2614 2156 2627 2185 ε

1610 2208 1816 2281 «Signa
1842 2213 1954 2282 ejus
1986 2212 2215 2266 maxima
2254 2226 2415 2283 atque
2442 2214 2631 2267 latissi-

1608 2306 1695 2341 ma
1724 2308 1737 2341 ε
1764 2308 2014 2343 mammas
2046 2292 2333 2363 erigentes,
2362 2312 2485 2364 quae
2512 2306 2633 2347 sunt

1606 2370 1807 2423 eaeteris
1862 2369 2068 2424 inflexa
2088 2411 2103 2435 ,
2154 2372 2357 2425 racemi
2396 2386 2591 2425 stantes
2611 2410 2627 2437 ,

1608 2460 1707 2500 ete.
1742 2472 1763 2495 ιι
1812 2448 1943 2502 dicit
1984 2468 2097 2503 eam
2146 2448 2361 2503 ederam
2414 2452 2631 2505 racemis

1608 2527 1864 2581 stantibus
1890 2542 1945 2581 et
1968 2530 2225 2583 subrectis
2252 2549 2367 2584 esse
2383 2570 2400 2595 ,
2426 2532 2630 2603 erigen-

1608 2607 1751 2660 tibus
1790 2626 2049 2661 mammas
2092 2628 2210 2678 quo
2260 2624 2389 2663 sunt
2430 2612 2629 2665 caeteris

1606 2686 1813 2737 inflexae
1848 2704 1863 2738 :
1892 2706 2116 2739 mammas
2136 2703 2286 2741 vocat
2306 2690 2491 2744 acinus
2514 2690 2630 2743 ede·

1605 2784 1679 2818 τε
1706 2782 1721 2817 :
1750 2784 1885 2837 quos
1912 2768 2007 2839 qui
2036 2769 2295 2839 inspexit,
2340 2770 2444 2822 scit
2464 2789 2628 2823 mam·

1606 2845 1707 2897 mis
1734 2845 1931 2899 similes
1956 2866 2088 2911 esse,
2131 2866 2251 2899 enm
2274 2867 2442 2919 parvo
2486 2852 2628 2919 ἀκρο-

1606 2926 1773 2995 pag-309
1801 2924 1945 2995 quod
1985 2927 2233 2997 papillam
2272 2928 2479 2982 refert.
2508 2928 2627 2981 inde

1605 3016 1659 3055 et
1680 3004 1919 3057 hernostus
1952 3024 2055 3059 uva
2081 3003 2249 3071 dicta,
2277 3006 2439 3083 quod
2452 3012 2627 3076 acinos

1602 3082 1825 3136 haberet
1872 3084 2043 3139 ederae
2092 3088 2367 3150 mammis,
2404 3086 2461 3139 id
2512 3100 2629 3151 est,

1602 3162 1767 3215 acinis
1792 3164 2009 3236 similes.
2044 3166 2216 3219 Sum.
2242 3195 2321 3209 --
2352 3166 2513 3236 Signa
2531 3171 2626 3237 ejas

1591 3243 1756 3308 solia,
1811 3255 1912 3297 ete.
1964 3246 2179 3316 Signum
2227 3246 2341 3316 ejus
2394 3265 2514 3317 quc
2558 3246 2625 3299 ad

1603 3322 1847 3391 perfeetae
1895 3320 2067 3377 edera
2110 3336 2357 3377 naturam
2406 3338 2625 3380 ventura

1604 3402 1703 3465 sit,
1730 3414 1783 3455 et
1830 3402 2019 3455 solium
2054 3417 2359 3469 mutatura,
2408 3418 2489 3458 est
2518 3424 2623 3458 non

1602 3492 1813 3533 tantum
1846 3481 2034 3535 folium
2066 3486 2261 3554 majus,
2298 3496 2353 3535 et
2368 3486 2623 3555 ampHm,

1604 3558 1697 3613 sed
1725 3558 1871 3631 quod
1892 3563 2065 3615 statim
2094 3562 2333 3633 germina
2362 3578 2505 3617 recta
2534 3564 2623 3616 ha-

1604 3639 1695 3691 bet
1746 3628 1963 3711 (inepte
2001 3660 2102 3711 pro
2143 3644 2394 3707 βλαςσὺς,
2440 3646 2621 3715 ρας-οὺς

1601 3718 1805 3772 Plinius
1830 3718 1919 3773 hic
1943 3718 2147 3791 legit),
2176 3740 2286 3774 non
2310 3722 2382 3774 ob
2404 3723 2624 3793 longitu-

1601 3796 1785 3851 dinem
1812 3812 1864 3852 et
1902 3801 2212 3854 tenuitatem
2242 3798 2621 3873 (quemadmo-

1600 3876 1770 3930 dum
1754 3896 1811 3931 m
1847 3872 2058 3948 helice]
2084 3881 2235 3933 velut
2268 3880 2487 3933 inflexa.
2521 3882 2621 3932 Ve-

1602 3958 1675 4011 ris
1705 3958 1847 4011 enim
1890 3956 2062 4013 ederis
2115 3978 2287 4013 crassa
2340 3973 2395 4013 et
2446 3958 2623 4014 brevia

2802 1760 2815 2403 ι
