2850 4684
1060 363 1380 434 LIBER
1435 365 1644 436 xlv.
2259 367 2406 467 367

280 499 571 597 vigilias,
600 497 964 595 plurimum
983 496 1279 568 hausisse
1306 523 1448 567 uno
1477 513 1672 594 potu:
1704 495 2060 593 plurimum
2095 517 2412 596 praeterea

280 609 427 678 aliis
468 605 837 678 minoribus
878 602 1247 673 addidisset
1292 607 1545 698 optima
1589 604 1721 674 fide
1773 629 1910 678 non
1956 610 2308 704 respirasse
2344 613 2412 680 in

283 712 655 786 hauriendo
668 699 745 797 ⁴⁰,
784 734 1001 804 neque
1042 711 1417 804 exspuisse:
1455 710 1750 806 nihilque
1796 711 1880 780 ad
1926 709 2298 784 elidendum
2337 717 2408 785 in

281 820 679 916 pavimentis
692 805 741 850 '¹¹
774 839 1013 886 sonum
1046 839 1130 884 ex
1168 818 1327 885 vino
1372 815 1748 910 reliquisse,
1784 817 2078 913 diligenti
2115 822 2281 890 scito
2331 821 2412 891 le-

282 951 445 1022 gum
494 939 737 995 contra
776 921 1044 995 bibendi
1091 919 1400 991 fallacias.
1451 921 1738 1016 Tei-gilla
1785 925 2092 994 Ciceroni
2111 913 2160 958 ⁴²
2203 927 2301 996 Μ.
2338 930 2407 996 F.
2448 961 2479 1012 7

284 1033 479 1102 binos
524 1031 799 1125 congios
840 1027 1035 1100 simul
1072 1027 1340 1098 haurire
1390 1027 1658 1098 solitum
1707 1029 1832 1124 ipsi
1879 1031 2109 1125 objicit
2145 1058 2161 1100 ε
2221 1033 2412 1102 Mar-

281 1161 499 1234 coque
527 1138 841 1231 Agrippae
878 1155 918 1202 a
959 1133 1321 1206 temulento
1364 1135 1688 1230 scyphum
1727 1138 2109 1232 impactum.
2148 1140 2409 1208 Etenim

286 1245 431 1314 haec
472 1257 635 1313 ‘sunt
680 1240 1043 1311 ebrietatis·
1070 1263 1295 1335 opera.
1354 1241 1484 1310 Sed
1535 1242 1847 1310 nimirum
1907 1243 2081 1313 hanc
2133 1243 2412 1338 gloriam

280 1349 549 1419 auferre
578 1349 816 1418 Cicero
844 1346 1055 1416 voluit
1089 1346 1499 1418 interfectori
1534 1349 1739 1441 patris
1765 1350 1863 1417 sui
1903 1350 2000 1416 M.
2019 1336 2072 1380 ⁴³
2101 1353 2411 1420 Antonio.

284 1459 355 1525 Is
392 1441 633 1526 enim⁴⁴
678 1469 832 1524 ante
876 1475 1051 1523 eum0
1076 1445 1450 1523 avidissime
1489 1453 2018 1548 apprehenderat
2067 1456 2240 1528 hanc
2283 1455 2417 1551 pal-

288 1585 505 1646 mam,
532 1561 711 1632 edito
748 1561 943 1637 etiam
974 1559 1434 1636 volumine=de
1463 1583 1580 1629 sua
1625 1559 1978 1630 ebrietate:
2013 1586 2145 1655 quo
2187 1576 2414 1656 patro-

282 1670 495 1738 cinari
520 1667 643 1736 sibi
671 1691 867 1736 ausus
884 1719 903 1752 ‚
946 1665 1342 1760 approbavit
1376 1664 1576 1760 plane
1615 1655 1724 1759 (ut
1755 1666 2055 1762 equidem
2101 1659 2417 1760 arbitror)

284 1789 539 1868 quanta
580 1773 923 1867 malaper
978 1769 1432 1842 temulentiam
1488 1787 1813 1842 terrarum
1865 1772 2013 1842 orbi
2073 1773 2414 1845 intulisset.

290 1883 552 1976 Exiguo
578 1894 878 1973 tempore
907 1892 1061 1947 ante
1086 1876 1388 1974 praelium
1420 1879 1765 1947 Actiacum
1808 1878 1876 1947 id
1912 1878 2224 1948 volumen
2259 1905 2415 1951 evo-

286 1988 455 2055 muit
484 2013 501 2054 ι
536 2011 670 2082 quo
700 1984 890 2054 facile
925 1981 1327 2078 intelligatur
1359 1983 1582 2052 ebrius
1607 1984 1748 2077 jam
1786 1985 2105 2080 sanguine
2142 1987 2418 2074 civium,

280 2108 353 2162 et
398 2107 586 2163 tanto
626 2092 837 2186 magis
878 2115 1029 2162 eum
1074 2091 1316 2160 sitiens.
1380 2088 1688 2183 Namque
1751 2105 1819 2159 et
1868 2090 2032 2160 haec'
2067 2095 2418 2164 necessitas

283 2201 525 2268 vitium
571 2199 962 2284 comitatur,
1001 2210 1077 2265 ut
1116 2195 1383 2264 bibendi
1429 2195 1840 2266 consuetudo
1878 2213 2115 2292 augeat
2153 2199 2421 2270 avidita-

282 2381 581 2436 vomitione
598 2381 831 2435 levatum
848 2379 1009 2434 fuisse
1026 2377 1185 2444 dicit,
1206 2397 1307 2432 nec
1394 2408 1478 2420 -
1507 2379 1728 2449 Ter-gilla
1769 2379 1990 2434 Ciceroni
1991 2419 2086 2435 .....
2125 2383 2262 2435 binos
2302 2405 2417 2437 con-

280 2463 463 2516 nrina.
492 2462 673 2514 Ηιιυ.
1390 2462 1504 2528 gios
1527 2459 1674 2512 sirau!
1707 2459 1900 2511 haurire
1933 2462 2030 2529 ipsi
2063 2462 2244 2530 objicit.
2290 2463 2414 2518 Bini

364 2547 461 2605 40.
501 2543 619 2596 Non
658 2541 911 2610 respirasse
946 2540 997 2589 in
1026 2537 1303 2590 hauriendo.
1394 2539 1576 2610 congii
1617 2549 1740 2590 sunt
1782 2537 2131 2601 Parisienses,
2167 2553 2228 2592 ut
2271 2560 2414 2596 nunc

282 2619 397 2673 Hoc
426 2621 591 2692 paulo
620 2631 741 2672 ante
774 2616 910 2670 dixit
949 2637 1043 2670 uno
1084 2620 1261 2688 impetu
1286 2657 1301 2680 ,
1393 2615 1670 2681 dicuntur,
1690 2621 1844 2686 pintoe
1873 2630 2094 2688 septem.
2123 2617 2295 2672 Bno‘r.

282 2699 437 2772 ἀμυςὶ
457 2711 513 2754 et
539 2697 744 2759 ἀπνωςὶ
767 2696 943 2751 Graeci
966 2735 983 2762 ,
1010 2695 1152 2749 unde
1180 2697 1306 2767 ἀμυ-
1479 2695 1569 2761 43.
1598 2695 1676 2748 Μ.
1701 2695 1936 2748 Antonio.
1971 2695 2050 2762 Is,
2081 2709 2210 2752 teste
2234 2697 2414 2754 Pater-

278 2780 431 2842 ςὶζιιν
458 2799 472 2832 ε
491 2777 763 2852 quomodo
783 2777 923 2830 Dion
946 2774 1129 2828 scribit
1152 2777 1309 2829 Com-

282 2857 507 2911 modum
549 2859 605 2911 in
649 2857 859 2910 theatro
904 2855 1039 2908 feras
1086 2871 1148 2908 ex
1197 2855 1307 2908 alto

280 2938 469 3006 jaculis
496 2937 835 3008 impetentem
854 2974 869 3001 ‚
918 2933 1075 2988 dulce
1120 2934 1305 2987 vinum

282 3017 473 3070 bibere
501 3017 735 3081 solitum,
762 3015 1084 3068 acclamante
1104 3015 1309 3085 populo

280 3097 499 3159 ζῆσιιας.
518 3098 719 3149 Danao.

369 3181 399 3240 4
412 3193 463 3230 t.
508 3176 603 3229 Ad
644 3173 909 3227 didendum
938 3177 988 3225 in
1006 3176 1305 3243 pavimentis.

1394 2775 1546 2842 culo,
1573 2773 1768 2827 hedera
1793 2773 2076 2828 redimitus
2095 2813 2111 2840 ,
2135 2795 2295 2830 aurea
2323 2797 2412 2832 co-

1392 2873 1528 2908 rona
1575 2868 1743 2908 tectus
1758 2893 1774 2920 ,
1825 2853 2112 2908 cothurnos
2160 2853 2373 2912 indutus
2397 2899 2414 2923 ‚

1394 2953 1557 2986 curru
1578 2946 1784 2998 vectus,
1809 2933 2060 2986 Liberum
2093 2947 2294 3008 patrem
2318 2957 2412 2990 vo-

1397 3013 1506 3067 cari
1533 3031 1587 3066 se
1606 3012 1774 3085 jussit.
1805 3011 1984 3076 Quum
2006 3032 2134 3086 ergo
2153 3015 2227 3066 sic
2249 3017 2412 3070 Athe-

1392 3092 1602 3146 nienses
1627 3093 1934 3145 salutassent
1949 3130 1965 3157 ‚
2008 3111 2069 3146 ac
2109 3107 2168 3148 ut
2212 3093 2412 3149 Miner-

1394 3189 1514 3224 vam
1529 3190 1676 3225 suam
1692 3173 1744 3224 in
1761 3171 2156 3226 matrimonium
2167 3172 2412 3242 duceret,

282 3257 423 3309 Eum
459 3273 661 3308 morem
700 3253 901 3307 indicat
940 3253 1191 3306 Horatius
1224 3251 1309 3304 his

282 3334 557 3388 versibus:
581 3359 604 3382 ι
633 3331 1066 3399 Absumethoeres
1079 3331 1308 3386 Cocuba

278 3413 523 3486 dignior,
560 3413 789 3468 Centum
811 3425 1011 3465 servata
1033 3409 1271 3464 clavibus
1286 3450 1303 3480 ,

280 3505 339 3546 et
353 3511 505 3546 mero
514 3492 709 3564 Tinget
729 3491 1091 3562 pavimentum
1121 3509 1305 3562 super-

282 3573 353 3626 bo
379 3613 395 3637 ‚
444 3571 763 3626 Pontificum
805 3566 1013 3642 potiore
1060 3572 1239 3624 coenis.
1274 3596 1297 3618 ι.

282 3651 427 3705 Vide
452 3649 631 3704 Rhod.
672 3651 767 3704 lib.
800 3649 1073 3714 XXVIII,
1100 3665 1218 3720 cap.
1249 3649 1302 3702 5.

282 3724 703 3793 Ᾰποκοτταὸίζειν
752 3728 810 3783 id
865 3729 1040 3782 Greci
1102 3725 1306 3782 dicunt.

284 3812 491 3865 Dante.

366 3897 455 3955 4⁸·
508 3889 731 3944 Ciceroni
779 3889 853 3941 M.
903 3888 971 3941 F.
1014 3887 1093 3940 M.
1136 3885 1308 3938 Tullii

280 3969 411 4024 mio.
462 3970 553 4024 Sic
591 3967 744 4024 MSS.
772 3969 904 4039 neg.
924 3966 1083 4022 Colb.
1112 3978 1209 4018 etc.
1238 3963 1307 4016 Η.

1395 3262 1670 3322 rogarent,
1693 3250 1982 3304 ducturum
2005 3251 2048 3304 is
2077 3253 2175 3316 ait,
2207 3253 2298 3307 sed
2323 3253 2414 3308 do·

1396 3329 1464 3382 tis
1487 3331 1701 3384 nomine
1728 3331 1988 3402 imperare
2008 3350 2063 3385 se
2083 3333 2225 3386 mille
2253 3335 2415 3388 talen·

1396 3423 1466 3462 ta.
1495 3409 1734 3464 Imitatus
1762 3424 1840 3464 est
1867 3423 2064 3463 tantam
2086 3411 2342 3466 insaniam
2361 3428 2414 3468 et

1394 3489 1632 3560 Caligula
1649 3527 1662 3550 ,
1687 3501 1738 3542 et
1755 3491 2087 3544 Commodus
2105 3531 2120 3554 ‚
2145 3493 2414 3564 Antigono

1393 3581 1448 3622 et
1481 3567 1794 3621 Mithridate
1829 3571 1940 3640 jam
1977 3583 2127 3624 antea
2177 3571 2416 3644 Dionysii

1394 3648 1604 3701 cultum
1637 3661 1690 3702 et
1723 3667 1920 3701 nomen
1965 3668 2220 3721 usurpare
2257 3649 2413 3704 ausis.

1394 3725 1532 3779 Had.
1559 3729 1686 3779 Jun.
1717 3726 1810 3780 lib.
1841 3729 1925 3794 V,
1952 3747 2068 3800 cap.
2119 3747 2169 3782 1.
2217 3731 2416 3783 Seneca

1395 3807 1626 3860 suasoria
1657 3825 1679 3859 x
1692 3845 1704 3858 .
1735 3808 1935 3861 Damno.
2065 3803 2072 3810 ⁸

1481 3893 1574 3951 44.
1597 3887 1650 3938 Is
1672 3891 1813 3940 enim.
1829 3887 1907 3940 M.
1935 3888 2204 3941 Antonius
2230 3887 2416 3940 trium·

1399 3963 1500 4017 vir.
1524 3963 1704 4019 Han).
