2850 4684
1058 366 1380 435 LIBER
1433 363 1598 435 XV.

2231 366 2377 467 397

250 498 485 572 colore
528 498 613 569 ad
662 521 897 567 aurum
949 495 1283 566 inclinato.
1349 498 1540 586 Quae
1563 482 2044 584 candidiora,³
2064 502 2382 570 nostratia

252 604 766 701 cognominata4
804 602 1027 672 odoris
1060 603 1600 699 praestantissimi.
1647 605 1768 740 E⁴st
1811 616 1879 673 et
1926 603 2378 700 Neapolitanis

204 770 209 774 .
252 736 417 783 suus
452 712 685 781 honos.
728 710 994 778 Minora
1038 734 1119 778 ex
1160 708 1391 777 eodem
1439 695 1717 803 genere⁴
1759 722 1853 777 sti
1855 708 2087 789 uthea
2133 710 2378 780 odora-

254 820 389 887 tius
430 816 695 885 vibrant
714 864 735 898 ‚
790 816 1079 885 serotino
1117 827 1446 910 proventu
1463 860 1484 899 ,
1543 815 1822 909 praecoci
1865 835 2025 883 vero
2061 802 2377 886 ⁵mustea.

254 922 587 993 strutheis
622 934 847 990 autem
890 935 1170 990 cotonea
1208 922 1403 991 insita
1451 944 1658 993 suum
1690 944 1898 1014 genus
1946 920 2160 990 fecere
2201 921 2394 991 Mul--

256 1031 579 1097 vianum:
624 1052 769 1121 quae
806 1025 947 1097 sola
980 1050 1061 1097 ex
1098 1026 1201 1097 his
1246 1025 1349 1094 vel
1390 1025 1598 1095 cruda
1643 1024 2066 1095 manduntur.
2131 1030 2379 1097 Omnia

248 1135 391 1227 jam
434 1148 503 1203 et
534 1136 831 1203 virorum
868 1131 1263 1202 salutatoriis
1304 1130 1630 1201 cubilibus
1665 1116 1972 1219 inclusa⁶,
2016 1131 2378 1203 simulacris

254 1242 555 1309 noctium
572 1238 883 1309 consciis⁷
914 1239 1239 1333 imposita.
1269 1240 1440 1307 Sunt
1463 1250 1780 1333 praeterea
1799 1260 2008 1330 parva
2032 1235 2378 1324 silvestria,

254 1368 297 1415 a
327 1329 683 1415 strutheis⁸
722 1343 1209 1431 odoratissima,
1250 1346 1321 1413 in
1354 1342 1618 1437 sepibus
1652 1343 2009 1412 nascentia.

363 1454 487 1520 xl.
539 1447 721 1519 Mala
749 1447 1155 1545 appellamus
1178 1503 1198 1538 ,
1224 1472 1600 1543 quanquam
1635 1447 1875 1518 diversi
1901 1450 2159 1542 generis
2179 1503 2201 1537 ,
2235 1452 2382 1519 Per·
2421 1480 2444 1515 1

256 1691 426 1746 parva
476 1682 630 1735 sunt,
686 1669 915 1725 rotunda
940 1708 957 1731 .
1012 1670 1229 1724 odorata
1246 1680 1277 1737 ',

256 1753 423 1824 vulgo
432 1754 789 1823 pannas-mim
804 1770 826 1803 .-
844 1770 907 1803 ex
924 1750 1007 1803 his
1026 1750 1280 1803 Genuen-

256 1850 345 1885 seu
370 1848 526 1885 suum
565 1830 989 1883 delicatissimum
1026 1828 1279 1901 cydonia·

260 1924 379 1965 tum
398 1908 852 1982 parant.Su·nthia
871 1926 1001 1962 vero
1014 1946 1031 1974 ,
1056 1925 1247 1979 magna
1262 1946 1279 1973 ‚

258 1988 547 2043 sedminua
560 1988 708 2042 utilia
726 2026 743 2051 ‚
770 1988 931 2060 vulgo
947 1990 1279 2058 paim-coins.

258 2068 408 2123 vide
425 2068 518 2121 lib.
540 2067 759 2131 xxm,
786 2086 902 2139 cap.
943 2070 997 2121 6.
1040 2068 1177 2120 Du..
1197 2099 1281 2110 —

264 2147 593 2221 Ckeysornela.
605 2148 939 2218 Ιροσόμηλα,
960 2166 1109 2200 ama
1129 2148 1275 2200 mala.

256 2227 573 2283 Columella
605 2227 699 2281 lib.
735 2226 819 2292 V,
850 2244 966 2297 cap.
1014 2245 1113 2292 10,
1156 2244 1278 2297 pag.

266 2324 373 2361 που
390 2348 407 2369 ,
436 2306 843 2379 ΟΙυγεοηεεΙίαηα.
894 2306 1021 2359 Hoc
1066 2318 1188 2359 sunt
1212 2303 1281 2359 de

258 2382 746 2458 quibus'Virgilius
780 2382 971 2438 recinit
1006 2404 1021 2437 :
1052 2406 1074 2429 ι
1106 2386 1279 2437 Aurea

259 2466 403 2521 mala
428 2464 611 2518 decem
638 2464 760 2517 misi
790 2483 806 2516 =
825 2482 939 2517 cras
964 2464 1125 2518 altera
1150 2463 1280 2517 mit·

260 2558 393 2599 tam.
419 2568 443 2591 a
476 2542 654 2597 Hm.

347 2624 403 2677 3.
420 2625 689 2679 Nom-atie.
704 2622 830 2676 Hoc
854 2622 1028 2675 Diosc.
1049 2622 1282 2689 ἀληθινὰ,

258 2724 385 2757 vern
414 2703 672 2775 appellat,
694 2702 791 2755 lib.
814 2703 843 2754 1
861 2739 878 2766 ,
906 2720 1021 2773 cap.
1052 2705 1175 2755 160.
1206 2701 1277 2753 Η.

350 2791 403 2848 4.
430 2783 627 2835 Minora
654 2801 715 2833 aa:
736 2782 895 2833 eodem
914 2800 1103 2851 genet-e.
1142 2780 1279 2834 Nea-

262 2863 504 2935 politano
524 2861 769 2915 videlicet
796 2880 809 2912 =
842 2860 1039 2932 alioqui
1066 2861 1280 2931 ςρουθία,

264 2942 585 3011 testeDiosc.
604 2942 641 2993 l.
662 2958 709 2994 c.
730 2952 781 2993 et
794 2950 1007 3010 magna,
1034 2952 1087 2993 et
1107 2939 1283 2991 minus

264 3022 407 3075 hona
416 3032 710 3084 emantur,
723 3020 805 3073 καὶ
819 3018 1033 3090 μεγάλα,
1040 3017 1123 3072 καὶ
1132 3014 1279 3077 ἧττόν

264 3103 367 3161 lew
392 3102 623 3171 ιῦχρηςσ..
636 3099 868 3154 Galenus
880 3116 1093 3169 quoque
1108 3099 1205 3151 lib.
1213 3095 1281 3151 de

265 3180 435 3234 Sanit.
456 3178 653 3232 tuenda
668 3218 683 3245 ,
698 3196 811 3250 cap.
843 3179 938 3231 ult.
961 3180 1282 3249 ςρουθιόμτλα.

262 3258 621 3331 cydoniornm
666 3276 776 3311 esse
820 3258 1051 3311 maxima
1101 3255 1279 3311 tradit.

264 3341 527 3410 Στρούοιια
554 3350 676 3391 sunt
714 3338 969 3390 Atheneo
988 3375 1005 3402 ,
1043 3336 1139 3391 lib.
1170 3337 1283 3404 111,

262 3436 387 3490 pag.
412 3420 507 3479 81,
524 3420 849 3487 ponus-coins.
876 3416 945 3469 H.
982 3446 1061 3459 —
1086 3416 1285 3487 Μῄονα

262 3494 661 3551 emendandum
704 3508 856 3568 putat
904 3496 1177 3549 Broterius
1220 3514 1285 3548 ex

264 3574 617 3641 Dioscoride,
652 3576 748 3629 lib.
790 3576 845 3634 1.
878 3594 995 3646 cap.
1036 3578 1178 3641 1603
1218 3592 1283 3628 ex

260 3656 471 3709 Galeno
502 3656 632 3707 item
662 3654 755 3707 lib.
778 3653 847 3707 de
872 3654 1105 3708 sanitate
1136 3667 1287 3707 tuen·

262 3732 363 3799 da,
394 3753 511 3805 caps
536 3734 741 3787 ultimo.
764 3734 869 3787 En.

346 3814 402 3867 5.
430 3814 644 3866 Musica.
682 3814 754 3866 Et
779 3811 1027 3884 id·genus
1052 3829 1083 3863 a
1120 3810 1283 3866 Colu-

262 3893 421 3946 mella
448 3890 755 3957 laudatum,
778 3892 816 3945 l.
844 3910 891 3946 c.
918 3892 993 3944 Iis
1014 3891 1231 3944 fortasse
1257 3909 1288 3943 a

261 3970 577 4026 mitescendi
610 3970 877 4025 eeleritate
913 3988 1127 4023 nomen.
1166 3970 1287 4023 Mu·

1364 1683 1538 1726 steum
1558 1672 1702 1725 enim
1730 1670 1874 1725 idem
1903 1671 2050 1743 quod
2079 1690 2280 1726 recens.
2311 1674 2382 1726 H.

1450 1754 1503 1804 6.
1546 1750 1857 1804 Salinator-iis
1904 1752 2135 1805 cubilibus
2181 1752 2379 1805 inclusa.

1365 1830 1454 1884 Sic
1473 1830 1720 1885 cubicula
1739 1844 1891 1884 vocat
1903 1869 1922 1896 ,
1947 1832 2005 1884 in
2031 1831 2224 1904 quibus
2243 1829 2383 1884 divi-

1364 1920 1473 1966 tem
1493 1929 1524 1963 e
1547 1908 1870 1964 dormitorio
1895 1928 1994 1963 sno
2025 1908 2379 1982 prodeuntem

1364 1989 1663 2044 eommunis
1690 1989 1919 2054 amicus,
1963 2002 2025 2043 ut
2053 1990 2229 2061 inquit
2264 1990 2381 2042 Ma-

1360 2068 1524 2123 nilius
1551 2068 1648 2122 lib.
1677 2070 1764 2134 V,
1810 2068 2068 2122 salutabat
2095 2087 2111 2121 :
2161 2066 2232 2121 de
2270 2086 2380 2141 qno

1363 2148 1618 2201 Martialis
1637 2185 1654 2215 ,
1700 2173 1724 2198 ι
1762 2148 1832 2200 Et
1855 2147 2176 2202 matutinum
2203 2160 2384 2220 portat

1365 2228 1745 2299 ineptus,Ave.
1764 2252 1788 2275 a
1807 2226 1975 2281 Turn.
1994 2228 2092 2281 lib„
2117 2228 2385 2295 xxvm,

1364 2326 1482 2379 cap.
1521 2326 1544 2360 ι
1557 2306 1609 2361 3.
1641 2306 1729 2360 Ad
1747 2306 1942 2361 horum
1958 2319 2134 2360 autem
2163 2305 2384 2360 cubicu-

1363 2387 1540 2440 lorum
1560 2398 1803 2440 ornatnm
1826 2397 2021 2440 erectas
2039 2399 2094 2439 et
2115 2404 2387 2457 compara·

1365 2477 1443 2519 tas
1489 2465 1771 2537 imagines,
1813 2466 2092 2519 simulacra
2142 2466 2385 2520 noctium

1366 2544 1580 2598 conscia
1613 2544 1860 2635 appellat.
1879 2546 2188 2596 Daum—
2213 2542 2388 2597 Accu·

1364 2624 1612 2677 ratiorem
1638 2623 2127 2693 interpretationem
2153 2616 2386 2691 reperies

1366 2700 1512 2774 apud
1533 2702 1831 2756 Casaubon.
1849 2718 2010 2771 super
2021 2700 2240 2753 Sueton.
2259 2718 2383 2771 pag.

1366 2801 1454 2853 70.
1481 2782 1662 2833 Hmn.
1771 2818 1788 2836 .

1446 2880 1500 2931 7.
1517 2861 1743 2915 Noctium
1755 2860 1970 2911 consciis.
1990 2858 2227 2909 Fuerunt
2245 2856 2386 2911 inter

1364 2939 1693 2995 cubiculares
1719 2938 1974 3009 imagines
1993 2948 2046 2989 et
2066 2954 2251 2989 eorum
2279 2954 2385 2989 nn·

1366 3020 1596 3081 minum,
1618 3017 1894 3071 simulacra
1942 3014 2215 3079 dedicata,
2263 3033 2386 3088 quo

1368 3098 1472 3151 tori
1496 3096 1712 3168 genialis
1750 3114 1931 3150 curam
1971 3096 2166 3148 habere
2204 3095 2387 3153 existi-

1368 3178 1665 3231 mabantur.
1681 3178 1899 3248 August.
1914 3173 1982 3228 de
2004 3175 2123 3228 civ.
2137 3174 2268 3239 Dei,
2288 3174 2382 3228 lib.

1366 3258 1478 3321 VI,
1524 3274 1639 3327 cap.
1675 3274 1708 3325 9
1745 3274 1762 3308 ε
1807 3277 1829 3300 ι
1861 3254 2112 3308 Parcatur
2140 3254 2389 3308 humane

1364 3333 1730 3389 verecundiae:
1750 3346 1967 3405 peragat
1989 3346 2170 3387 cetera
2192 3352 2390 3388 concu-

1368 3414 1626 3488 piscentia
1653 3414 1826 3467 carnis
1849 3427 1901 3467 et
1925 3413 2196 3484 sanguinis
2215 3451 2231 3478 ‚
2259 3432 2390 3484 pro-

1370 3506 1555 3548 curato
1593 3505 1797 3547 secreto
1837 3492 2075 3564 pudoris.
2113 3490 2260 3557 Quid
2287 3493 2391 3545 im·

1366 3575 1548 3646 pletur
1568 3572 1871 3627 cubiculum
1900 3573 2056 3626 turba
2081 3571 2390 3639 numinum,

1370 3650 1586 3726 quando
1612 3664 1666 3705 et
1688 3652 2042 3725 paranymphi
2063 3650 2190 3704 inde
2221 3648 2391 3705 disoe-

1370 3732 1508 3787 dunt
1523 3730 1550 3783 ?
1581 3756 1604 3780 a·
1635 3733 1844 3784 Horum
1872 3732 2156 3785 numinum
2195 3730 2394 3802 capiti,'

1368 3814 1454 3867 uti
1483 3828 1630 3865 nunc
1663 3812 1836 3865 abacis
1852 3847 1869 3877 ,
1894 3812 2048 3865 solita
2075 3808 2280 3881 imponi
2302 3826 2394 3861 co·

1373 3904 1552 3947 tenea.
1577 3892 1760 3945 Hm).

1457 3975 1508 4026 8.
1536 3972 1588 4024 A
1612 3972 1854 4023 ser-umis.
1875 3969 2002 4021 Post
2013 3966 2265 4021 struthea.
2283 3965 2355 4020 Η.
