2850 4684
471 327 568 425 96
1008 327 1089 396 C.
1140 323 1482 396 PLINII
1526 324 1749 394 NAT.
1804 323 2059 394 HIST.

473 461 694 536 cturni
736 483 920 530 rores
965 473 1288 529 caventur
1307 456 1380 524 ¹⁰.
1425 460 1509 528 In
1544 456 1730 528 fictili
1767 458 2037 530 condita
2066 455 2333 553 melligo
2358 455 2669 554 colligi-

475 585 586 640 tur
629 595 646 638 :
693 566 972 637 subinde
1029 567 1280 660 Cyprio
1331 589 1463 634 aere
1522 579 1845 638 servatur.
1906 566 2181 661 Optima
2232 591 2380 660 quae
2408 565 2615 634 rufa
2634 620 2663 648 ‚

475 677 822 770 acriorque
862 686 933 743 et
977 671 1240 742 aridior.
1281 673 1578 741 Pretium
1604 672 1958 766 omphacio
1999 674 2068 741 in
2099 671 2301 742 libras
2326 671 2369 696 ¹¹
2410 699 2479 742 x.
2522 696 2655 741 vx.

473 786 581 852 Fit
613 796 682 852 et
719 779 850 850 alio
893 779 1096 850 modo
1115 832 1134 868 ,
1191 801 1399 873 quum
1450 780 1519 848 in
1570 779 1905 848 mortariis
1945 803 2079 848 uva
2122 780 2477 850 immatura
2528 793 2655 848 te-

473 891 644 960 ritur
684 915 699 957 :
737 889 1112 981 siccataque
1133 887 1204 954 in
1233 883 1420 974 Sole,
1454 901 1688 980 postea
1722 885 2060 983 degeritur
2086 887 2155 954 in
2189 884 2505 982 pastillo&

581 998 764 1066 LXI.
802 982 1435 1085 (xxvn1)Eodem¹
1468 1007 1537 1063 et
1574 990 1823 1088 bryon²
1861 993 2183 1090 pertinet,
2214 1017 2347 1061 uva
2380 992 2645 1089 populi

473 1101 658 1173 albae.
691 1103 963 1198 Optima
999 1100 1177 1170 circa
1212 1099 1515 1168 Gnidum
1556 1115 1673 1170 aut
1704 1101 2026 1172 Cariam
2007 1125 2077 1169 in
2106 1099 2473 1169 sitientibus
2495 1115 2645 1170 aut

475 1211 706 1294 siccis,
749 1233 822 1278 as
869 1207 1191 1300 erisque.
1237 1206 1586 1276 secunda
1567 1231 1639 1275 in
1674 1208 1895 1302 Lyciae
1940 1192 2204 1276 cedro³.
2249 1206 2509 1276 Eodem
2550 1222 2641 1276 et

475 1316 790 1390 oenanthe
873 1315 1221 1443 pertinet.
1269 1326 1371 1382 est
1410 1329 1634 1384 autem
1670 1315 1825 1383 vitis
1861 1312 2179 1384 labruscae
2215 1337 2398 1383 uva:
2418 1311 2635 1382 colli-

475 1425 654 1520 gitur
689 1447 896 1517 quum
935 1403 1188 1506 floret⁵‚
1239 1419 1306 1488 id
1341 1434 1478 1506 est,
1518 1445 1724 1514 quum
1788 1422 2037 1516 optime
2098 1418 2282 1490 olet:
2328 1422 2633 1492 siccatur

475 1534 546 1600 in
579 1528 821 1599 umbra
852 1526 1186 1596 substrato
1211 1513 1450 1612 linteo,
1480 1541 1681 1622 atque
1716 1528 1783 1595 in
1817 1526 2019 1598 cados
2056 1526 2387 1597 conditur.
2430 1529 2627 1597 Prae-

475 1639 670 1732 cipua
695 1660 779 1705 ex
809 1618 1347 1729 Parapotamia.
1385 1633 1676 1704 secunda
1704 1634 1787 1702 ab
1808 1633 2163 1704 Antiochia
2178 1648 2419 1728 ‚atque
2442 1637 2625 1704 Lao-

475 1743 664 1813 dicea
689 1743 945 1836 Syriae.
977 1741 1174 1809 tertia
1210 1763 1292 1810 ex
1317 1741 1655 1810 montibus
1691 1739 1991 1810 Medicis.
2026 1743 2188 1812 Haec
2212 1739 2439 1810 utilior
2474 1766 2623 1810 me·

473 1850 722 1920 dicinae.
757 1847 1048 1938 Quidam
1076 1846 1425 1917 omnibus⁷
1454 1849 1531 1918 iis
1546 1847 1911 1942 praeferunt
1930 1871 2077 1916 eam
2094 1871 2275 1942 ,quae
2298 1849 2369 1916 in
2387 1850 2621 1943 Cypro

473 2079 568 2115 cus
592 2079 624 2114 e
648 2060 760 2113 vite
783 2077 1093 2130 expressus,
1131 2059 1244 2112 sive
1277 2058 1503 2149 ompha·
1588 2076 1716 2112 cum
1742 2059 1914 2130 bryo,
1942 2011 2149 2112 Plinius
2178 2055 2444 2112 disseruit.
2472 2059 2619 2111 Du..

474 2141 618 2194 cium
645 2139 845 2211 ipsum,
878 2140 924 2190 le
950 2140 1130 2207 ver-jen.
1155 2135 1260 2191 Sed
1283 2137 1374 2190 hic
1407 2155 1503 2208 pa·
1673 2138 1730 2193 3.
1762 2139 1927 2212 Lycia·
1950 2139 2107 2193 cedo-0.
2133 2141 2215 2192 De
2242 2137 2404 2192 cedro
2422 2139 2619 2212 Lycia,

475 2218 626 2275 randi
647 2218 837 2272 modus
858 2217 1137 2271 obsolevit.
1160 2218 1342 2270 Han.
1590 2218 1731 2272 libro
1775 2237 1886 2290 seq.
1935 2237 2053 2291 cap.
2094 2237 2117 2272 ι
2134 2237 2198 2273 ιε
2241 2220 2389 2290 Βρόον
2432 2220 2493 2272 τὸ
2534 2219 2618 2272 ἐπὶ

565 2319 651 2354 10.
685 2299 930 2353 Nocturni
963 2317 1095 2349 rores
1121 2308 1364 2350 caventur.
1398 2297 1505 2350 Ob-

477 2393 616 2435 stant
653 2379 826 2445 enim,
867 2377 1154 2450 quominus
1193 2377 1500 2448 spissescat,

475 2473 814 2532 cogaturque.
840 2457 1095 2510 Κωλὺουσι
1123 2455 1218 2529 γὰρ
1253 2459 1304 2510 αἱ
1331 2453 1499 2528 δρόσοι

476 2542 564 2599 τὴν
594 2541 834 2593 σύστασιν
863 2540 1043 2604 αὐτοῦ,
1070 2537 1246 2592 Diosc.
1269 2537 1364 2590 lib.
1387 2538 1497 2600 111,

477 2639 593 2693 pag.
623 2621 676 2674 ⁵.
716 2620 900 2674 Hun.

562 2718 652 2754 ιι.
693 2701 756 2753 In
826 2698 974 2751 libras
1029 2697 1108 2750 Χ.
1157 2697 1250 2751 W.
1301 2697 1497 2750 Dener.

478 2781 618 2846 seni,
649 2786 681 2844 4
712 2780 778 2833 fr,
809 2783 881 2841 ²4
905 2797 952 2832 c.
986 2779 1096 2830 En.

556 2861 702 2913 Lxl.
751 2877 801 2911 1.
843 2858 1050 2910 Eodem.
1099 2855 1184 2909 Ad
1229 2867 1501 2928 unguente

479 2938 744 3002 faciende,
789 2953 908 3008 qum
945 2955 1010 2990 ex
1043 2935 1187 2988 silvis
1222 2949 1498 3006 petuntur.

483 3050 558 3061 —
598 3019 682 3070 De
711 3016 850 3088 bryo
880 3013 991 3067 vid.
1023 3016 1248 3068 Excute.
1281 3017 1390 3069 ΧΠ
1432 3013 1503 3072 ad

479 3099 674 3152 calcem
706 3095 865 3165 hujus
887 3092 1032 3147 libri.
1054 3095 1162 3148 En.

563 3196 615 3230 ².
655 3175 844 3246 Bryon.
879 3175 1055 3246 Βρύον,
1099 3193 1219 3248 quae
1247 3193 1353 3229 vox
1387 3193 1503 3228 mu·

477 3275 627 3313 scum
648 3267 798 3309 sonat
812 3295 828 3321 ‚
849 3255 1016 3309 Gallis
1039 3274 1220 3307 mousse
1237 3275 1256 3308 .·
1275 3268 1336 3308 ut
1363 3252 1501 3308 dixi-

479 3355 597 3392 mus
615 3353 732 3406 cap.
769 3335 798 3387 5
815 3353 861 3386 ῐ.
887 3335 934 3386 Α
955 3332 1304 3388 similitudine
1323 3335 1501 3406 aliqua

477 3436 634 3471 uvam
673 3415 729 3467 in
766 3416 973 3485 populo
1012 3415 1132 3468 alba
1161 3427 1343 3484 vocat,
1381 3425 1497 3467 tum

475 3498 580 3551 hoc
613 3496 766 3561 loco,
799 3505 912 3546 tum
951 3493 1093 3547 libro
1134 3493 1353 3557 XXIV,
1399 3493 1493 3558 34.

476 3579 658 3631 Hsnn.
675 3607 755 3617 —
773 3573 972 3644 Optima
988 3577 1117 3626 cie-ea
1141 3573 1377 3638 Gnidurn,
1394 3587 1495 3628 etc.

476 3657 758 3729 Optimum
809 3656 986 3728 bryon
1004 3691 1020 3718 ,
1063 3650 1256 3708 deinde
1297 3653 1499 3725 popul-

473 3757 661 3795 neum,
687 3735 903 3790 λιὺκικον
932 3753 998 3787 ex
1017 3733 1361 3801 Dioscoride3
1387 3734 1499 3786 Pli-

474 3817 596 3871 nius
649 3814 832 3886 legisse
881 3811 1095 3867 videtur
1136 3816 1328 3867 Λύκιον.
1374 3815 1497 3866 Jam

473 3909 628 3951 antea
671 3913 787 3966 cap.
843 3893 912 3948 50
958 3898 1023 3947 de
1071 3893 1338 3966 sphagno,
1384 3894 1497 3947 sive

472 3976 766 4048 splanchno
782 4014 798 4042 ,
839 3973 988 4046 quod
1027 3972 1171 4028 idem
1217 3993 1327 4028 esse
1361 3985 1497 4045 puto

1592 2295 1822 2368 κιὸρίνων
1844 2299 2173 2370 ιὺρισκὸμινον
2188 2299 2336 2364 ξύλων
2351 2335 2369 2363 ,
2392 2297 2579 2371 quod'
2562 2317 2620 2350 m

1593 2377 1825 2434 cedrinis
1850 2379 2009 2450 lignis
2028 2381 2317 2451 reperitur,
2344 2397 2620 2432 commen-

1588 2456 1681 2511 dat
1698 2459 1857 2511 etiam
1878 2459 2111 2513 Galenus
2126 2499 2143 2524 ‚
2168 2459 2264 2512 lib.
2283 2459 2381 2512 Vl.
2403 2457 2473 2512 de
2495 2458 2617 2512 Fac.

1550 2560 1557 2570 ·
1588 2537 1759 2609 Simp.
1786 2537 1928 2592 med.
1964 2557 2083 2610 pag.
2120 2543 2249 2593 166.
2274 2539 2455 2592 Hnn.

1673 2624 1727 2682 4.
1792 2619 2080 2672 ΟΕηαητΙιε.
2136 2619 2347 2675 Οἰνάνθη
2371 2656 2390 2685 ‚
2442 2617 2621 2688 inquit

1588 2697 1765 2751 Dione.
1799 2698 1897 2754 lib.
1937 2700 2010 2765 V,
2038 2718 2155 2770 cap.
2198 2699 2229 2753 5
2250 2738 2266 2764 ‚
2308 2701 2557 2752 Καλεῖτου.
2590 2700 2615 2750 ὃ

1588 2783 1679 2839 τῆς
1724 2779 1896 2849 ἀγρίας
1948 2779 2171 2851 ἀμπέλου
2231 2781 2419 2850 καρπὸς
2464 2779 2615 2830 ὁπότε

1590 2858 1751 2922 ἄνθιῖ,
1780 2859 1905 2912 vitis
1931 2859 2209 2925 silvestris,
2234 2859 2345 2911 sive
2360 2859 2617 2912 labrusce

1589 2937 1811 3004 fiuctusg
1836 2956 2005 3011 quum
2018 2937 2203 2992 floret:
2226 2939 2321 3010 qui
2336 2939 2615 2991 maturita-

1589 3029 1699 3074 tem
1732 3036 2029 3090 numquam
2070 3019 2386 3090 assequitur.
2426 3017 2611 3071 Hann.

1674 3097 1725 3150 5.
1750 3099 1912 3168 Quum
1915 3099 2086 3170 floret.
2101 3099 2165 3151 In
2178 3097 2330 3152 MSS.
2352 3099 2611 3169 cumflote.

1588 3177 1835 3248 Geopon.
1870 3191 2086 3244 auctor,
2122 3178 2216 3232 lib.
2244 3179 2320 3244 V,
2346 3195 2463 3248 cap.
2494 3183 2566 3247 49
2594 3195 2609 3228 ε

1588 3259 1815 3314 Δηπτίον
1856 3259 1945 3316 τὴν
1992 3259 2209 3314 οἰνάνθην
2215 3297 2310 3312 .....
2346 3257 2491 3329 παρὰ
2530 3259 2610 3310 τὸν

1586 3339 1747 3408 καιρὸν
1764 3341 1849 3391 τοῦ
1872 3338 2061 3400 ἄνθους.
2084 3339 2154 3392 At
2170 3338 2406 3391 Galenus
2419 3377 2437 3404 ,
2456 3337 2614 3403 vm,

1596 3435 1653 3481 ι,
1686 3417 1821 3470 κατὰ
1860 3419 2071 3484 τόπους,
2108 3445 2130 3466 ι
2152 3418 2481 3472 OEnanthen
2518 3435 2611 3488 ap-

1585 3497 1761 3566 pello,
1792 3497 1969 3569 inquit
1986 3537 2003 3564 ,
2034 3497 2355 3552 silvestrium
2390 3515 2607 3569 germen

1587 3595 1711 3630 cum
1729 3575 1954 3630 floribus
1974 3603 1997 3626 o
2028 3595 2045 3631 ε
2066 3579 2303 3635 Οἰνάνθην
2319 3574 2373 3631 ὃ·
2390 3579 2607 3648 ὀνομάζω

1586 3657 1643 3708 τὸ
1682 3665 1780 3710 τῶν
1825 3658 2003 3729 ἀγρίων
2052 3659 2285 3730 ἀμπέλων
2320 3655 2613 3727 intexis-nuc

1589 3737 1674 3789 σὺν
1700 3740 1803 3797 τοῖς
1823 3737 2033 3791 ἄνθεσιν.
2071 3739 2254 3792 Huu).

1672 3821 1727 3870 6.
1770 3819 2137 3887 Parapotamia.
2169 3820 2249 3871 De
2272 3816 2361 3870 his
2386 3815 2611 3886 regioni-

1583 3896 1689 3950 bus
1720 3896 1861 3950 libro
1887 3898 1941 3948 V
1968 3910 2023 3950 et
2048 3897 2131 3950 vl
2152 3896 2403 3951 diximus.
2424 3897 2607 3950 lhan-

1669 3997 1720 4046 7.
1756 3977 2008 4032 omnibus.
2026 3977 2151 4032 Non
2166 3974 2238 4032 ad
2250 3975 2489 4032 medicos
2504 3987 2609 4031 tan-
