2850 4684
456 300 597 372 250
1174 303 1728 373 EXCURSUS
1789 306 1844 371 I.

452 435 605 504 cujus
631 448 813 485 semen
840 430 1111 485 manifesta
1133 432 1324 503 plantis
1355 433 1550 487 futuro
1573 432 1790 504 vestigia
1811 430 2076 498 ostendit,
2123 450 2234 485 non
2269 433 2442 488 solum
2471 452 2600 505 pea-

456 524 622 565 totam
659 508 871 564 Indiam
890 546 907 575 ,
944 508 1035 565 sed
1072 522 1127 565 et
1179 530 1277 582 per
1319 511 1638 565 Tibetanum
1684 530 1906 583 reg-uum
1959 524 2015 565 et
2065 511 2256 583 Nepali
2293 513 2596 584 reg-ionem

452 592 594 661 viget
632 578 731 659 (t)·
784 588 1158 661 vulgatissima
1200 602 1357 661 atque
1402 590 1696 661 gratissima
1735 590 2010 645 Saoeneatoe
2046 592 2257 662 planta,
2281 595 2432 664 cnjus
2469 592 2598 648 flou

453 667 783 723 rubicundus
825 688 858 722 a
896 670 1253 723 Duschmanta
1280 688 1405 723 cum
1431 670 1550 741 ipso
1583 671 1792 725 amasia
1831 670 1990 725 oculo
2015 684 2389 743 comparatum
2419 674 2602 743 cujus

455 748 682 803 anthero
706 748 889 819 pollen
918 748 1247 819 explodunt,
1288 760 1434 803 tanta
1458 750 1642 821 copia,
1661 763 1722 804 ut
1747 750 1937 815 rivuli,
1969 749 2026 803 in
2051 750 2243 821 quibus
2269 750 2596 822 agathodo-

459 846 642 881 mones
686 840 897 892 natant,
932 825 1060 881 inde
1103 826 1301 881 flavido
1332 828 1602 899 tingantur
1651 830 1864 893 colore,
1911 831 2064 901 cujus
2110 830 2238 883 folia
2281 842 2396 883 tum
2449 850 2594 885 vasu

456 908 647 961 sistam
693 907 908 978 aquaria
924 946 940 973 ,
980 920 1095 961 tum
1125 906 1330 962 flabella
1360 904 1429 961 ad
1455 907 1850 972 ventilandum,
1889 922 2004 963 tum
2045 909 2283 981 epistola
2309 910 2376 963 iis
2407 911 2591 965 etiam

454 987 814 1041 inscribuntur
840 974 1027 1055 (a).1n
1054 986 1244 1039 eodem
1268 986 1506 1041 dramate
1540 988 1830 1059 podunculi
1844 987 2042 1059 hispidi
2058 1001 2319 1043 vocantur
2335 1026 2353 1053 ,
2379 1007 2412 1042 e
2435 1008 2592 1062 quo·

460 1084 578 1119 rum
607 1065 756 1119 fibris
801 1066 1019 1120 armilla
1054 1067 1404 1120 nectebantur
1439 1056 1541 1136 (3).
1583 1068 1692 1121 Lex
1716 1080 1883 1121 exstat
1907 1068 1964 1121 in
2005 1066 2188 1123 codice
2217 1067 2436 1134 Indico,
2467 1088 2592 1141 qm

456 1164 605 1216 reges
650 1144 1089 1217 obstringuntur,
1130 1159 1192 1199 ut
1214 1144 1377 1200 deum
1403 1146 1682 1203 imitentur
1707 1148 1929 1203 veritate
1973 1160 2028 1201 et
2071 1148 2358 1201 virtutibus
2376 1186 2392 1212 ,
2436 1167 2589 1220 quo-

456 1242 576 1277 rum
602 1224 861 1279 nimirum
886 1226 1069 1279 favore
1110 1224 1436 1280 abundantia
1471 1226 1584 1281 loto
1624 1226 1864 1281 insidens
1907 1240 2156 1299 appareat
2179 1266 2196 1294 ,
2233 1245 2467 1299 quoa-um
2493 1228 2591 1281 ira

457 1317 683 1359 mortem
703 1302 908 1358 adferat
922 1296 1028 1371 (4).

538 1383 864 1439 Accedamus
886 1396 1062 1439 antem
1087 1384 1309 1456 propius
1332 1383 1401 1438 ad
1427 1385 1594 1455 ipsam
1621 1384 1930 1457 Nymphaia!
1955 1386 2194 1441 Nelumbo
2217 1385 2489 1441 historiam
2507 1404 2588 1439 ex

458 1464 677 1518 Gracia
707 1477 865 1535 atque
894 1465 1101 1519 Arabim
1136 1463 1328 1518 veteris
1366 1464 1713 1536 scriptoribus
1761 1465 2148 1537 depromptam.
2179 1465 2592 1537 Theophrastus

457 1544 595 1597 hanc
638 1543 873 1614 plantam
912 1544 1100 1615 κυάμου
1154 1546 1492 1614 Alf-imum&
1539 1544 1761 1598 nomine
1801 1545 1867 1598 iis
1905 1556 2144 1599 accenset
2161 1580 2178 1606 ,
2217 1562 2336 1614 que
2389 1544 2586 1598 Nilum

460 1621 743 1687 decorent,
774 1625 919 1679 nasci
942 1635 1119 1677 tamen
1146 1625 1305 1677 etiam
1325 1626 1380 1677 in
1404 1624 1557 1693 Syria
1576 1642 1639 1677 ac
1657 1622 1844 1677 Cilicia
1873 1636 1926 1677 et
1947 1625 2004 1676 in
2035 1622 2318 1696 paludilms
2339 1626 2590 1677 Torone

460 1701 892 1759 Chalcidicensis.
914 1701 1167 1757 Radicem
1192 1721 1303 1757 esse
1328 1701 1464 1757 adeo
1483 1703 1776 1776 spinosam,
1805 1716 1866 1757 ut
1893 1715 1948 1756 et
1972 1702 2270 1757 crocodilus
2293 1720 2408 1757 eam
2435 1703 2590 1755 effu·

462 1782 597 1853 giat,
618 1794 765 1836 metu
782 1818 799 1849 ,
820 1800 891 1836 ne
909 1783 1053 1837 oculi
1077 1782 1245 1855 ipsius
1269 1782 1626 1837 offendantur.
1651 1784 1804 1837 Hanc
1837 1784 1924 1835 vel
1953 1782 2174 1837 crudam
2190 1819 2206 1846 ‚
2227 1782 2308 1835 vel
2334 1794 2544 1837 coctam
2567 1821 2589 1847 ,

463 1861 549 1915 vel
574 1878 739 1915 assam
761 1861 987 1916 comedi.
1017 1862 1165 1917 Folia
1193 1880 1305 1917 esse
1337 1864 1484 1934 pileo
1510 1863 1814 1916 Thessalico
1847 1863 2056 1917 similia.
2079 1862 2298 1915 Caulem
2341 1874 2588 1934 quatuor

464 1940 767 1995 cubitorum
804 1942 1135 2015 longitudine
1168 1942 1443 2014 prosilire,
1475 1941 1628 2013 digiti
1667 1940 2012 1995 crassitudine
2031 1980 2050 2005 ,
2087 1938 2342 2013 διαφὸσιις
2377 1943 2587 1997 habere

462 2018 772 2075 inu-imaus
796 2040 893 2091 per
916 2035 1085 2075 totum
1114 2022 1317 2075 caulem
1344 2019 1639 2087 tendentes,
1658 2022 1758 2074 lilii
1775 2020 1936 2074 modo
1957 2039 1972 2074 :
1995 2020 2182 2074 florem
2199 2019 2394 2091 duplex
2413 2040 2585 2093 papa-

467 2098 603 2152 veris
625 2101 873 2153 volumen
900 2100 1211 2171 complecti,
1241 2099 1578 2171 fructumque
1627 2101 1749 2154 favo
1785 2100 2078 2155 orbieulato
2109 2098 2254 2153 haud
2283 2100 2586 2155 absimilem

469 2196 600 2239 ease,
647 2178 704 2231 in
748 2180 899 2247 cujus
938 2179 1163 2250 capsulis
1204 2179 1338 2233 fabo
1378 2180 1748 2234 contineantur
1789 2179 2000 2245 edules,
2043 2195 2272 2251 quarum
2309 2198 2414 2250 ope
2448 2198 2586 2251 pro-

466 2270 687 2328 pagetur
708 2276 923 2330 quoque
943 2258 1119 2328 planta
1148 2258 1207 2311 in
1235 2258 1449 2323 fabetis,
1473 2258 1606 2313 dum
1629 2259 1760 2313 limo
1782 2260 1933 2331 palea
1957 2260 2128 2313 mixto
2153 2258 2454 2313 condantur
2469 2252 2588 2326 (5).

544 2336 783 2410 Capsulae
810 2338 1085 2393 fructuum
1124 2337 1532 2392 multilocularis
1557 2337 1847 2392 similitudo
1876 2358 2000 2393 cum
2031 2340 2241 2410 poculis
2267 2330 2356 2392 aut
2385 2338 2589 2409 patinis

469 2435 590 2470 mox
614 2434 811 2471 nomen
844 2414 1061 2488 κιὸὦριον
1106 2415 1433 2482 introduxit,
1459 2436 1566 2490 quo
1605 2419 1836 2472 fructum
1880 2420 2159 2491 ipsamque
2192 2420 2424 2491 plantam
2451 2436 2586 2471 cuna

468 2496 739 2552 Nicandro
750 2496 925 2551 Greci
942 2497 1161 2551 seriores
1172 2497 1411 2569 plerique
1424 2498 1810 2568 insigniverunt
1821 2488 1926 2568 (6).
1945 2497 2110 2552 Aliud
2128 2516 2257 2552 vero
2269 2498 2586 2569 Nymphae

466 2594 759 2648 cognomen
780 2578 1057 2631 κολοκάσιον
1078 2616 1093 2645 ,
1112 2574 1259 2648 quod
1284 2576 1423 2631 infra
1453 2578 1698 2649 pluribus
1736 2594 2090 2649 exponemus,
2129 2577 2272 2633 idem
2313 2576 2586 2631 Nicander

469 2654 535 2710 ad
560 2657 699 2711 hanc
720 2658 947 2729 speciem
974 2676 1083 2710 non
1108 2657 1231 2711 satis
1256 2669 1498 2710 accurate
1523 2654 1770 2710 traducit.
1797 2656 2034 2726 Κιΰώριον
2083 2656 2226 2710 idem
2264 2655 2334 2710 ad
2376 2656 2590 2726 plantas

466 2737 834 2808 ςεφανωτυιὰς,
862 2756 951 2791 seu
968 2736 1478 2800 coronarias,refert
1497 2734 1762 2790 Nicander
1795 2754 1920 2791 enm
1945 2736 2164 2808 Diphilo
2193 2734 2417 2807 Siphnio
2439 2771 2457 2797 ,
2487 2735 2586 2807 qui

471 2836 597 2871 ves-o
617 2818 808 2871 iterum
838 2834 964 2870 cum
988 2817 1105 2887 ipso
1120 2816 1407 2880 Athenaeo,
1435 2816 1560 2869 lieet
1579 2817 1864 2888 AEgyptio,
1901 2816 2183 2871 confundit
2195 2816 2332 2869 hanc
2344 2814 2586 2886 plantam

472 2916 590 2951 cum
622 2915 751 2950 vero
776 2897 886 2951 loto
910 2895 1155 2969 aquatico
1176 2932 1193 2960 ,
1236 2913 1327 2948 seu
1353 2896 1648 2968 Nymphaea
1682 2898 1823 2949 Loto.
1847 2896 2090 2967 Namque
2116 2896 2264 2949 loton
2292 2894 2448 2948 etiam
2485 2912 2586 2947 vo-

468 2977 577 3029 cari
594 2976 693 3039 ait,
719 2994 749 3030 a
778 2976 829 3027 N
832 2974 1095 3029 aucratitis
1115 2994 1244 3029 vero
1271 2974 1572 3029 Melilotum
1598 2975 1850 3047 appellari
1873 2964 1950 3044 (7)
1972 2974 2129 3047 Apud
2149 2973 2397 3028 eumdem
2417 2973 2586 3026 Athe-

466 3074 647 3109 naeum
670 3067 849 3109 nan-at
868 3054 1225 3125 Phylarchus.
1251 3053 1571 3121 Alexandri,
1596 3054 1790 3129 Pyrrhi
1827 3054 1925 3109 filii
1943 3094 1960 3119 ‚
2000 3054 2360 3126 temporibus,
2395 3052 2453 3107 in
2489 3070 2586 3125 pa-

534 3263 603 3327 (1)
634 3261 805 3309 Asiatic
826 3260 1114 3313 rescat-ebes,
1132 3260 1226 3305 vol.
1251 3260 1300 3316 1,
1322 3274 1434 3321 pag.
1451 3260 1542 3315 243
1557 3292 1572 3315 ,
1603 3258 1709 3311 261,
1740 3260 1773 3304 l.
1797 3258 1996 3306 maxi-e
2016 3272 2127 3305 vero
2155 3259 2248 3304 vol.
2271 3256 2340 3304 m
2357 3288 2372 3311 ‚
2397 3268 2445 3317 p.
2465 3254 2586 3311 3643

471 3337 631 3387 Eindu
652 3334 961 3389 Geaetabudi,
974 3350 1069 3381 von
1087 3335 1307 3389 Εὔιππον,
1323 3332 1428 3389 vn,
1455 3348 1525 3387 ιι,
1541 3348 1592 3393 p.
1616 3346 1722 3393 ²⁰9·

529 3413 603 3476 (a)
631 3410 821 3459 Italidas
846 3409 1111 3463 Sakontala‚
1138 3422 1232 3455 von
1257 3409 1317 3455 G.
1343 3410 1546 3463 Fon-ster,
1568 3406 1746 3462 S-noa,
1767 3408 1864 3469 93³
1889 3421 2004 3460 πω,
2021 3407 2104 3461 68,
2119 3406 2197 3470 69,
2219 3416 2306 3453 etc.

534 3488 606 3551 (3)
631 3486 753 3533 thid.
770 3502 819 3547 p.
844 3484 905 3531 68
920 3518 935 3537 ‚
955 3483 1032 3544 87.

528 3562 601 3626 (4)
626 3560 787 3608 Hindu
810 3557 1133 3610 Geaetabuch,
1168 3556 1286 3609 vn.
1316 3570 1385 3610 n,
1400 3555 1452 3601 8.
1473 3570 1580 3618 ²⁰9·

532 3636 603 3700 (5)
630 3635 862 3697 Theophr.
878 3633 996 3680 nist.
1018 3631 1164 3694 plant.
1183 3630 1266 3677 lib.
1289 3631 1370 3684 lv,
1398 3645 1443 3676 c.
1464 3644 1516 3675 ιο
1532 3662 1547 3683 ,
1578 3646 1624 3691 p.
1653 3631 1729 3689 87.

533 3716 604 3779 (6)
634 3715 801 3762 Athen.
831 3711 913 3759 lib.
941 3712 1027 3765 111,
1044 3726 1085 3755 c.
1116 3724 1155 3758 1.
1186 3724 1294 3771 pag.
1326 3706 1444 3764 116,
1480 3708 1593 3755 edit.
1611 3708 1816 3757 Seliafer.
1849 3708 1982 3757 0022ss
2009 3710 2209 3769 Hasyeh.
2230 3724 2332 3755 voe.
2351 3698 2595 3771 iusse'nptov,

474 3792 566 3840 col.
584 3788 701 3845 2543
733 3788 898 3834 Galen.
922 3785 984 3832 de
1004 3784 1194 3831 theriac.
1217 3782 1278 3829 ad
1304 3784 1606 3845 pamphiliam.
1635 3800 1740 3847 pag.
1762 3792 1875 3843 4713
1901 3784 2097 3833 Diodor.
2115 3784 2255 3832 Sicul.
2279 3784 2363 3833 lib.
2383 3786 2432 3837 l,
2461 3798 2510 3845 p.
2532 3782 2593 3829 30

470 3866 564 3929 (ed.
582 3860 927 3922 Rhodon-nn.)

536 3944 607 4005 (7)
642 3940 807 3989 Athon.
830 3940 863 3985 l.
884 3954 925 3983 c.
955 3932 1091 3983 Cous.
1115 3933 1302 3981 Salmas.
1322 3933 1518 3980 Plinian.
1541 3932 1733 3979 exercit.
1755 3947 1802 3992 p.
1831 3931 1938 3992 679.
