2850 4684
322 349 331 368 '
447 345 546 432 48
974 344 1052 412 C.
1104 342 1453 412 PLINII
1507 343 1718 412 NAT.
1779 344 2042 412 HIST.

446 497 805 572 congressu
849 473 1243 543 feminarum
1260 527 1282 562 ,
1320 473 1795 568 summumque,
1827 495 2037 567 quum
2059 472 2354 543 incidant
2375 473 2422 499 ¹²
2461 499 2592 544 eas

446 583 753 668 arbores,
772 593 889 649 aut
920 593 1209 669 metant,
1253 578 1461 677 pollui
1516 607 1532 649 :
1587 593 1788 674 atque
1819 580 1914 648 ita
1955 577 2274 676 religione
2316 605 2592 651 merces

444 690 695 785 augeri.
728 685 1016 780 Quidam
1057 687 1509 781 promiscuum
1540 686 1649 780 jus
1691 686 1770 755 iis
1813 684 2077 780 populis
2119 711 2262 756 esse
2297 686 2590 756 tradunt

445 799 515 866 in
544 793 720 865 silvis
764 816 780 860 t
829 791 936 861 alii
970 815 1089 887 per
1130 794 1309 862 vices
1343 816 1671 861 annorum
1713 791 1934 860 dividi.

551 902 809 972 XXXI.
828 901 971 969 Nec
994 898 1251 968 arboris
1285 899 1489 993 ipsius
1525 923 1670 992 quae
1707 899 1791 969 sit
1819 896 2048 968 facies¹
2066 950 2087 985 ‚
2121 911 2400 967 constat.
2437 899 2586 967 Res

446 1010 517 1079 in
550 1007 799 1078 Arabia
834 1007 1188 1100 gessimus,
1230 1020 1297 1074 et
1350 1029 1628 1074 romana
1679 1029 1865 1074 arma
1926 1005 1994 1072 in
2055 1027 2368 1100 magnam
2415 1029 2584 1100 par-

448 1131 585 1184 tem
621 1114 763 1208 ejus
784 1117 1251 1207 penetravere.
1295 1112 1498 1182 Caius
1541 1113 1738 1181 etiam
1773 1108 2039 1182 Caesar²
2073 1111 2357 1205 Augusti
2397 1109 2588 1180 filius

448 1220 603 1290 inde
641 1218 915 1314 gloriam
958 1217 1185 1310 petiit,
1224 1241 1349 1288 nee
1390 1233 1616 1288 tamen
1671 1216 1755 1286 ab
1815 1217 1951 1288 ullo
1993 1205 2024 1310 (
2053 1216 2233 1311 quod
2267 1216 2586 1311 equidem

448 1317 697 1412 sciam)
730 1324 969 1394 Latino
994 1323 1311 1395 arborum
1340 1348 1571 1394 earum
1585 1309 1883 1394 ³tradita
1923 1337 2024 1394 est
2055 1323 2273 1394 facies.
2305 1325 2586 1393 Graeco·

448 1459 597 1504 rum
642 1427 946 1524 exempla
980 1432 1259 1501 variant.
1300 1429 1425 1499 Alii
1467 1428 1625 1501 folio
1679 1433 1890 1526 pin,
1791 1417 1848 1462 ⁴
1931 1431 2188 1500 minore
2229 1429 2588 1499 dumtaxat

449 1554 520 1610 et
538 1533 797 1608 herbidi
826 1535 1067 1606 coloris
1096 1523 1508 1631 prodidere.
1535 1536 1664 1606 Alii
1691 1535 1964 1606 lentisco
1991 1521 2307 1605 similem⁶
2341 1534 2590 1606 subru-

449 1643 585 1714 tilo.
622 1642 916 1732 Quidam
947 1642 1432 1714 terebinthum⁷
1479 1667 1658 1731 esse,
1699 1657 1767 1712 et
1801 1643 1933 1712 hoc
1975 1643 2192 1711 visum
2241 1643 2588 1736 Antigono

456 1751 595 1846 regi
630 1747 829 1819 allato
864 1747 1125 1818 frutice.
1164 1753 1201 1818 J
1206 1735 1372 1818 uba
1395 1775 1513 1820 rex
1535 1751 1614 1820 iis
1646 1747 2120 1835 voluminibuS‚
2143 1773 2290 1843 quae
2313 1750 2589 1843 scripsit

450 1856 539 1926 ad
579 1857 659 1925 C.
705 1857 1035 1925 Caesarem
1070 1857 1353 1951 Augusti
1394 1856 1607 1926 filiurn
1655 1856 1996 1925 ardentem
2056 1854 2232 1942 fama
2280 1855 2542 1924 Arabiae
2564 1909 2588 1941 ,

452 1961 655 2032 tradit
687 1963 979 2033 contorti
994 1987 1137 2032 esse
1162 1961 1451 2032 caudicis
1463 1961 1514 2050 ⁹,
1539 1963 1736 2031 ramis
1752 1963 1960 2032 aceris
1977 1962 2264 2031 maxime
2290 1961 2588 2044 Pontici,

454 2093 727 2140 succum
758 2067 1120 2163 amygdalae
1158 2068 1360 2139 modo
1399 2070 1698 2139 emittere
1731 2093 1748 2135 t
1787 2066 2080 2162 talesque
2115 2070 2185 2138 in
2225 2067 2590 2138 Carmania

455 2196 810 2269 apparere,
846 2189 914 2243 et
933 2176 1002 2243 in
1019 2177 1303 2271 AEgypto
1326 2189 1500 2245 satas
1527 2174 1744 2245 studio
1765 2172 2272 2244 Ptolemaeorum
2303 2196 2591 2268 regnan-

538 2395 627 2431 12.
652 2377 891 2432 lucidant.
911 2417 926 2432 .
944 2417 957 2430 .
975 2385 1170 2432 meednt.
1194 2379 1373 2432 Dalec.
1394 2382 1472 2431 in·
1642 2376 1694 2430 5.
1725 2376 2009 2430 Prodiden.
2035 2377 2234 2450 Vulgg.
2263 2389 2382 2429 ante
2407 2374 2588 2430 Hard.

452 2457 667 2511 cidsmt..
682 2497 696 2510 .
710 2469 905 2511 metune.
928 2456 1080 2512 Idem
1102 2477 1256 2524 mox,
1275 2457 1471 2528 nligc'o-
1552 2457 1769 2527 prodire.
1794 2456 1900 2510 Eo.

452 2557 559 2592 nem
583 2541 766 2590 mercis.
794 2539 898 2592 En.
1641 2538 1696 2588 6.
1713 2535 1826 2588 Alii
1840 2536 2035 2587 kmi-sco
2047 2537 2260 2587 similem.
2286 2535 2356 2588 Et
2377 2533 2558 2588 arbori
2565 2553 2594 2586 s

534 2617 739 2670 xxx1.
772 2635 822 2672 1.
855 2618 960 2672 Nec
982 2617 1167 2670 arboris
1194 2619 1341 2688 ipsius
1364 2635 1475 2687 quoe
1559 2616 1734 2686 specie
1754 2653 1770 2679 ‚
1811 2627 1867 2668 et
1904 2616 2021 2687 ipso
2063 2615 2268 2679 fructu,
2315 2611 2407 2667 sed
2449 2615 2590 2666 folio

456 2700 523 2750 sit
534 2699 725 2764 facies,
756 2709 859 2751 etc.
896 2697 1356 2752 commerciorum
1396 2695 1475 2748 fa·
1559 2695 1835 2748 subrutilo.
1861 2695 2138 2766 Theophr.
2175 2691 2307 2748 ibid.
2352 2692 2500 2765 quod
2527 2705 2590 2746 et

457 2777 653 2831 eilitate
685 2789 737 2830 et
778 2775 1296 2850 peregrinationibus
1325 2793 1474 2828 nunc
1563 2773 1778 2828 Garoias
1803 2776 2027 2846 probat,
2052 2774 2239 2826 Arom.
2270 2775 2326 2840 Ι,
2365 2777 2420 2826 6.
2445 2772 2514 2825 Η.

459 2857 616 2911 nobis
640 2857 911 2911 notissima
932 2855 1103 2910 thuris
1130 2854 1304 2907 facies.
1322 2854 1474 2908 Thus
1643 2873 1697 2923 7.
1733 2854 1946 2924 Quidam
1985 2853 2294 2905 terebinthum
2337 2871 2458 2905 esse.
2495 2851 2592 2904 sic

458 2949 635 2990 autem
692 2955 805 2990 non
867 2936 963 2989 uni
1024 2950 1330 2987 concessum
1396 2945 1474 2987 est
1559 2933 1836 3006 Theopbr.
1857 2935 1958 2986 loc.
1979 2932 2068 2986 eit.
2096 2931 2220 2984 Fuit
2248 2931 2548 3002 Antigonus
2567 2974 2585 2995 ‚

461 3015 689 3070 Arabio.
740 3017 869 3069 Pars
919 3013 1146 3068 maxime
1182 3023 1239 3064 et
1282 3011 1474 3065 melior
1560 3011 1631 3067 de
1645 3031 1754 3086 quo
1775 3011 1866 3065 hic
1882 3029 2082 3073 sermo,
2105 3007 2437 3063 Macedoniae
2458 3029 2550 3064 rex
2567 3048 2588 3072 ‚

458 3094 743 3150 advehitur
762 3114 793 3148 e
810 3112 977 3166 regno
997 3090 1131 3145 Siam
1146 3129 1162 3157 ,
1187 3090 1475 3163 insulisque
1561 3092 1819 3145 Demetrii
1843 3090 2148 3143 Polior-ceta
2170 3089 2330 3143 filius.
2351 3089 2591 3144 11.-De

460 3175 723 3240 Suu-aera,
746 3175 893 3238 lam,
920 3185 1023 3225 etc.
1055 3170 1187 3224 vid.
1222 3169 1304 3222 Cl.
1335 3171 1475 3224 Nm·
1562 3173 1751 3225 arbore
1763 3169 2018 3222 thurifera
2031 3164 2312 3232 (Boswelle'a
2329 3167 2590 3236 thurifera)

460 3273 645 3321 nunu,
672 3254 979 3323 Description
999 3251 1059 3302 de
1074 3249 1327 3314 ἱἈναῠίε,
1352 3268 1472 3322 pag.
1561 3249 1674 3306 vid.
1689 3248 1970 3301 Exc.v111
1993 3246 2060 3300 ad
2086 3250 2212 3304 calc.
2241 3249 2356 3319 huj.
2380 3248 2526 3302 libri.

470 3337 599 3388 126.
633 3335 799 3387 Bne-r.
1648 3333 1702 3384 8.
1742 3327 1874 3380 Juba
1915 3347 2026 3392 rex,
2065 3341 2165 3382 etc.
2213 3328 2447 3394 Plinius,
2487 3328 2588 3384 lib.

548 3432 601 3466 ι.
626 3413 777 3466 Caius
806 3413 949 3462 etiam
983 3407 1169 3461 Caesar.
1199 3407 1336 3462 Vid..
1357 3425 1478 3480 qun
1567 3408 1681 3471 VI,
1709 3425 1826 3478 etp.
1863 3408 1962 3472 313
1987 3419 2042 3462 et
2070 3427 2168 3462 nos
2205 3409 2262 3461 in
2287 3408 2590 3463 Auctorum

464 3491 699 3546 diximus
718 3489 812 3542 lib.
836 3487 920 3540 vl
938 3527 955 3552 ,
986 3506 1103 3560 etp.
1138 3487 1225 3542 32.
1254 3488 1438 3541 Hm.
1565 3484 1771 3540 Indice.
1792 3485 1975 3539 Hum.

548 3571 601 3624 3.
642 3570 849 3622 Earum.
888 3567 977 3620 Sic
1015 3567 1193 3622 Elm.
1220 3578 1273 3620 et
1311 3565 1480 3621 Har-d.
1649 3585 1702 3637 9.
1732 3566 1956 3619 Concor-ei
1971 3585 2070 3618 esse
2087 3566 2316 3619 cundici-5.
2339 3566 2589 3622 Solinus:

464 3648 783 3719 suffragante
824 3644 1136 3712 Chiffleti03
1193 3646 1370 3700 Dalee.
1422 3655 1482 3698 et
1571 3645 1803 3699 «intorto
1824 3646 2049 3699 vimine:
2074 3669 2098 3693 n
2119 3647 2272 3700 male.
2289 3646 2425 3699 Nem
2442 3647 2590 3700 aliud

464 3727 701 3781 Gronov.
722 3730 896 3789 etiem,-
917 3727 1082 3793 male;
1107 3737 1160 3779 et
1180 3743 1313 3779 mox
1336 3723 1482 3778 idem
1569 3725 1748 3778 vimen
1766 3765 1781 3788 ,
1823 3724 1965 3778 aliud
2005 3721 2209 3780 caudex
2243 3739 2334 3780 est.
2366 3727 2588 3780 ‘vimina

465 3807 643 3860 Delec.
678 3807 987 3878 amplas-ia.
1014 3807 1120 3859 En.
1569 3817 1692 3858 sunt
1735 3805 1894 3878 virga
1939 3805 2109 3858 thuris
2123 3845 2140 3874 ‚
2191 3823 2320 3877 ques
2364 3805 2588 3859 minime

546 3892 599 3950 4.
624 3885 879 3956 Aliisolc'o
892 3889 1013 3958 piri.
1048 3883 1480 3958 Theophrastum
1565 3886 1787 3939 intortas
1811 3903 1923 3939 esse
1936 3923 1951 3952 ‚
1974 3883 2066 3938 sed
2086 3897 2275 3940 teretes
2289 3922 2307 3949 ,
2320 3902 2386 3942 ex
2411 3885 2590 3938 Plinio

458 3966 631 4038 signat
652 3967 757 4020 loe.
788 3985 913 4039 sup.
936 3966 1029 4021 eit.
1056 3965 1238 4020 Ηιιιιυ.
1569 3983 1694 4018 mox
1723 3964 1964 4036 liquebit.
1987 3965 2166 4018 Han.
