2850 4684
505 388 546 433 α
1047 366 1126 433 C.
1173 363 1501 433 PLI’NII
1548 362 1767 434 NAT.
1816 361 2076 431 ffls'r.

501 499 710 593 magis
737 522 815 567 nc
838 497 1045 590 magis
1063 496 1374 566 admirari
1389 496 1566 565 subit
1584 548 1607 583 ,
1632 497 1717 565 ab
1746 498 1822 565 iis
1851 480 2224 590 principiis⁷
2248 493 2413 564 caedi
2442 519 2637 565 mon-

503 618 601 673 tes
637 605 706 671 in
741 626 1102 688 marmora,
1139 616 1354 673 vestes
1385 602 1471 671 ad
1505 588 1736 671 ὅθι-388
1760 602 1895 697 peti
1925 630 1942 672 ε
1978 603 2291 671 unionem
2318 602 2389 671 in
2417 600 2639 670 Rubri

503 712 704 779 maris
744 706 1078 804 profundo
1100 760 1136 793 ,.
1187 708 1611 804 smaragdum
1658 711 1726 777 in
1772 710 1904 777 ima
1963 704 2199 779 tellure
2251 707 2475 802 quoeri.
2526 707 2641 775 Ad

501 817 632 886 hoc
676 816 1044 909 excogitata
1087 830 1240 884 sunt
1284 817 1545 883 aurium
1588 814 1863 883 vulnera
1899 840 1915 882 ε
1964 801 2277 883 nimirum
2320 814 2641 908 quoniam

500 947 738 1017 parum
792 936 935 990 erat
987 920 1158 990 collo
1213 920 1639 1017 crinibusque
1686 920 1957 1018 gestari,
2003 919 2129 989 nisi
2180 919 2645 989 infoderentur

501 1031 697 1099 etiam
749 1029 1034 1122 corpori.
1075 1028 1531 1117 Quamobrem
1580 1030 1764 1123 sequi
1807 1051 1930 1122 par
1964 1040 2064 1095 est
2110 1024 2412 1094 ordinem
2448 1026 2643 1111 vitae,

499 1149 567 1205 et
609 1133 880 1203 arbores
927 1147 1082 1202 ante
1145 1132 1268 1203 alia
1309 1132 1565 1222 dicere,
1610 1156 1689 1205 ae
1742 1131 2076 1203 moribus⁹
2118 1132 2485 1227 primordia
2534 1133 2641 1199 in-

501 1265 748 1337 gerere.

605 1349 698 1415 11.
755 1336 893 1435 (ι.)
956 1344 1120 1415 Hoec
1161 1344 1346 1417 fuere
1381 1347 1727 1416 numinum
1782 1342 2068 1441 templa,
2108 1345 2459 1439 priscoque
2498 1343 2647 1413 ritu

502 1450 822 1547 simplicia
851 1476 1007 1519 rura
1035 1452 1232 1521 etiam
1262 1476 1443 1523 nunc
1478 1456 1627 1523 Deo
1665 1450 2147 1547 praecellentem
2186 1450 2494 1520 arborem
2533 1449 2647 1518 di-

501 1556 712 1629 ποῖ’.
763 1558 910 1627 Nec
949 1559 1158 1653 magis
1197 1583 1362 1628 auro
1405 1557 1724 1653 fulgentia
1760 1572 1961 1653 atque
2002 1556 2205 1627 ebore
2246 1554 2645 1641 simulacra,

502 1689 704 1759 quam
757 1661 974 1749 lucoS,
1025 1678 1094 1736 et
1146 1666 1216 1735 in
1267 1667 1347 1737 iis
1383 1664 1639 1735 silentia
1684 1667 1827 1760 ipsa
1868 1664 2247 1733 adoramus.
2302 1662 2643 1732 Arborum

506 1794 753 1865 genera
791 1770 1170 1865 numinibus
1199 1773 1332 1841 suis
1363 1771 1583 1842 dicata
1608 1785 1929 1867 perpetuo
1963 1783 2354 1839 servantur:
2386 1782 2465 1838 ut
2490 1768 2647 1837 Iovi

506 1875 766 1945 esculus
781 1873 828 1964 ²,
862 1876 1153 1972 Apollini
1185 1875 1410 1947 laurus
1433 1928 1455 1963 ,
1494 1878 1821 1949 Minervae
1850 1875 2031 1959 olea,
2058 1876 2306 1945 Veneri
2350 1886 2649 1969 myrtus,

507 2086 794 2149 Lusitania,
823 2087 1127 2159 Aquitania,
1156 2086 1422 2143 scandulis
1442 2108 1533 2141 ro-
1620 2089 1709 2143 tiis
1737 2106 1913 2143 mores
1934 2086 2105 2141 nostri
2128 2084 2198 2141 ad
2214 2087 2352 2141 hanc
2373 2086 2647 2141 luxuriem

508 2166 722 2227 busteis,
745 2179 837 2219 aut
854 2168 1175 2232 stramentis,
1187 2179 1323 2221 εἰς.»
1346 2166 1532 2221 Hsnn.
1618 2168 1883 2221 venerint.
1911 2168 2093 2219 Ham.
2132 2200 2214 2209 —
2239 2166 2388 2220 Libri
2424 2164 2649 2239 quidam

510 2278 593 2290 —-
615 2246 802 2301 Anti-is
858 2264 961 2317 pro
1001 2244 1203 2299 aedibus
1244 2239 1535 2301 etiamnum
1624 2247 1766 2321 apud
1794 2247 1973 2301 Dalec.
2001 2265 2061 2297 ac
2091 2246 2243 2311 orbis,
2260 2247 2345 2299 vel
2365 2266 2425 2297 ac
2454 2246 2653 2311 morbis,

511 2338 738 2379 utuntur
767 2324 1040 2379 nonnulla
1065 2326 1302 2379 Arabum
1329 2340 1535 2397 μηκας
1623 2348 1733 2381 non
1767 2328 1889 2380 satis
1916 2324 2123 2397 liquido
2153 2341 2326 2378 sensu.
2342 2322 2445 2379 Eu.

515 2418 566 2457 et
603 2406 658 2457 in
689 2404 905 2471 insulis,
945 2424 1075 2477 quas
1110 2404 1339 2459 Oceanioe
1370 2402 1537 2477 vulgo
1706 2406 1779 2461 11.
1822 2424 1870 2460 1.
1900 2402 2139 2460 Arborum
2160 2406 2340 2459 dicant.
2369 2404 2528 2457 Hunc
2551 2404 2653 2458 ho·

517 2482 748 2537 dicimus
766 2523 782 2550 ,
806 2497 941 2537 tecta
973 2484 1076 2537 sibi
1101 2486 1416 2559 plerumque
1446 2505 1542 2559 pu·
1628 2486 1823 2558 dieque
1873 2503 2108 2547 morem,
2156 2488 2271 2541 ruri
2322 2484 2648 2557 presertim,

516 2576 635 2617 rent
659 2564 849 2617 incoloe
875 2582 940 2617 ex
955 2565 1117 2619 ramis
1133 2567 1406 2621 arborum.
1436 2566 1540 2619 En.
1628 2566 1873 2621 obtinere
1892 2607 1908 2631 ,
1940 2562 2256 2637 jamdudum
2278 2564 2651 2637 Delecampius

601 2664 657 2715 7.
687 2642 774 2697 Ab
794 2648 854 2697 iis
877 2647 1147 2716 principiis.
1178 2648 1224 2697 A
1253 2646 1398 2699 cultu
1424 2665 1543 2699 cor·
1631 2642 2003 2700 animadvertit
2034 2664 2050 2701 z
2078 2644 2474 2719 procerissimus
2506 2662 2653 2697 nem-

518 2724 667 2797 poris
699 2736 806 2777 tam
834 2723 1106 2795 simplice,
1139 2724 1207 2778 ad
1245 2738 1351 2777 tam
1387 2727 1545 2778 luxu·
1633 2745 1700 2797 pe
1734 2727 1948 2781 arbores
1982 2726 2041 2779 in
2072 2726 2346 2779 vestibulis
2385 2742 2651 2777 sacrarum

519 2802 717 2857 riosam
757 2804 812 2856 in
843 2804 1038 2859 vestitu
1074 2804 1382 2876 aedibusque
1425 2804 1540 2857 lau·
1631 2804 1825 2859 aedium
1845 2847 1861 2873 ,
1893 2806 2303 2877 sepulcretisque
2338 2804 2529 2857 vicinis
2558 2822 2653 2875 po-

521 2882 692 2935 titium
711 2881 954 2953 delapsos
975 2902 1085 2935 esse
1107 2900 1300 2937 mores.
1325 2884 1507 2938 Haut).
1629 2886 1755 2939 sitas
1783 2884 2043 2939 videmus.
2078 2886 2175 2938 En.

603 2964 658 3015 8.
688 2962 786 3014 Ad
800 2962 945 3014 Seras
965 2966 1084 3031 peti.
1107 2960 1230 3015 Vet.
1259 2964 1404 3033 apud
1434 2960 1543 3018 Da·
1716 2986 1767 3019 ι.
1790 2966 1977 3019 [It-lovi
1992 2967 2201 3028 aculus,
2215 2961 2443 3033 Apollien‘
2461 2958 2651 3027 lamus,

521 3040 621 3094 lec.
645 3041 905 3105 aser-ibus,
916 3040 1065 3113 quod
1092 3039 1312 3113 quidem
1333 3040 1546 3097 videtur

525 3122 692 3191 magis
718 3138 1013 3193 congruere
1042 3140 1163 3173 cum
1186 3140 1296 3195 seq.
1329 3124 1380 3175 in
1399 3126 1547 3176 maris

517 3198 800 3271 pmsund05
851 3198 990 3253 nihil
1035 3212 1211 3255 tamen
1256 3216 1547 3269 mutamus,

529 3298 654 3333 nam
685 3278 847 3332 simili
879 3299 1098 3352 prorsus
1119 3282 1390 3337 locutione
1428 3282 1545 3335 No·

526 3372 633 3411 ster
661 3378 788 3413 usus
821 3372 898 3413 est
923 3359 1020 3413 ins.
1047 3380 1161 3431 cap.
1205 3360 1276 3417 38
1305 3382 1318 3415 :
1347 3390 1370 3412 ι
1389 3362 1547 3416 Pere-

527 3438 708 3510 grinos
736 3438 848 3509 ipsa
890 3431 1164 3507 (Arabia)
1196 3442 1330 3495 mire
1356 3441 1548 3496 odores

527 3530 583 3569 et
610 3515 675 3569 ad
701 3531 908 3572 exteros
941 3520 1107 3590 petit,
1137 3546 1159 3567 ι
1195 3519 1304 3575 hoe
1341 3535 1446 3587 est,
1482 3518 1549 3574 ab

527 3598 737 3650 exteris.
783 3600 866 3651 De
917 3598 1107 3651 Sericis
1148 3602 1382 3655 vestibus
1428 3600 1552 3654 vide

528 3695 647 3747 quoe
665 3680 774 3748 jam
789 3676 932 3731 dicta
947 3689 1070 3731 sunt
1090 3679 1188 3733 lib.
1201 3680 1304 3751 vl,
1319 3701 1436 3753 cap.
1462 3700 1551 3746 πο,

529 3768 583 3808 et
602 3756 697 3808 lib.
718 3754 830 3816 xl,
859 3776 977 3827 cap.
1006 3760 1097 3811 26.
1126 3761 1228 3813 En.

611 3857 664 3905 9.
709 3838 791 3890 Ac
823 3837 1052 3891 moribus.
1072 3838 1248 3910 Atque
1282 3840 1553 3894 inculcare

529 3916 719 3969 animis
756 3916 1078 3989 legentium,
1119 3920 1212 3991 qui
1258 3920 1418 3992 prisci
1454 3920 1553 3973 ho-

527 3996 734 4050 minum
759 4016 938 4051 mores
966 3996 1196 4065 fuerint,
1219 4000 1414 4071 quibus
1452 3998 1554 4052 ini·

1632 3060 1731 3099 etc.
1762 3045 1966 3116 Lepide
1991 3045 2047 3096 in
2078 3062 2193 3097 eam
2224 3060 2337 3095 rem
2366 3039 2622 3095 Phaedrus
2640 3080 2655 3109 ,

1636 3126 1821 3179 Fabul.
1854 3124 1959 3189 111,
1984 3141 2050 3193 17
2076 3141 2091 3176 :
2128 3148 2151 3171 ι
2178 3122 2323 3175 Olim
2341 3158 2357 3185 ,
2381 3137 2510 3193 quas
2540 3120 2651 3172 vel·

1634 3205 1747 3257 lent
1776 3222 1883 3256 esse
1916 3204 1975 3254 in
2013 3201 2175 3255 tutela
2202 3220 2291 3254 sua
2309 3240 2325 3267 ,
2352 3199 2477 3253 Divi
2514 3200 2653 3269 lege-

1634 3298 1763 3337 runt
1811 3282 2042 3335 arbores.
2098 3282 2340 3347 Quercus
2383 3278 2537 3345 Jovi,
2589 3278 2656 3331 Et

1635 3377 1839 3433 myrtus
1850 3361 2052 3415 Veneri
2072 3358 2291 3433 placuit,
2321 3358 2523 3413 Pboebo
2542 3358 2656 3409 lau-

1634 3461 1748 3505 rea,
1782 3440 1944 3494 Pinus
1964 3442 2197 3511 Cybebae
2214 3480 2231 3503 ‚
2256 3440 2489 3513 populus
2520 3436 2654 3491 celsa

1639 3520 1878 3575 Herculi.
1910 3518 2153 3573 Minerva
2174 3519 2441 3573 admirans
2456 3559 2472 3586 ,
2494 3534 2657 3590 quere

1640 3601 1845 3655 steriles
1910 3612 2213 3665 sumerent,
2270 3598 2651 3670 Interrogavit3

1641 3700 1851 3735 causam
1892 3679 2031 3732 dixit
2069 3682 2283 3750 Jupiter
2324 3699 2337 3734 :
2384 3680 2655 3731 Honorem

1640 3762 1819 3814 fructu
1864 3779 1933 3813 ne
1972 3758 2252 3813 videamur
2298 3756 2546 3813 vendere.
2587 3758 2656 3809 At

1642 3860 1730 3895 me
1757 3838 2014 3893 Hercules
2052 3840 2317 3903 narrabit,
2362 3834 2508 3911 quod
2541 3836 2655 3906 quis

1642 3920 1897 3981 voluerit,
1928 3920 2079 3973 Oliva
2117 3920 2273 3975 nobis
2304 3928 2527 3991 propter
2552 3917 2657 3969 fru-

1642 4014 1786 4054 ctum
1816 4015 1892 4053 est
1910 4001 2125 4072 gratior.
2153 4000 2307 4053 Tunc
2330 3998 2405 4053 sic
2425 3998 2655 4050 Deorum
