2850 4684
229 398 608 421 mm
613 392 2332 417 mwmmmmmmmmmmm

477 631 1387 723 PRAEMONITIO
1453 630 2134 721 EDITORIS.

221 1027 473 1161 Qum:
502 1089 614 1128 nos
645 1068 720 1127 ad
752 1081 1016 1147 quartam
1051 1067 1202 1127 hanc
1231 1068 1513 1126 naturalis
1534 1066 1804 1127 Historiae
1833 1081 2061 1146 partem
2088 1066 2371 1131 edendam

221 1168 681 1246 accingeremus,
700 1186 890 1242 neque
917 1186 1114 1225 rerum
1135 1166 1446 1235 difficultas
1472 1167 1553 1225 ita
1576 1164 1891 1239 deterruit,
1912 1179 1978 1224 ut
1998 1187 2106 1226 nos
2125 1173 2372 1249 suscepti

227 1262 452 1323 laboris
481 1263 828 1342 poeniteret,
871 1276 958 1321 tot
987 1283 1197 1341 nempe
1236 1260 1545 1322 doctorum
1584 1263 1845 1321 virorum
1891 1264 2118 1323 auxiliis
2163 1266 2373 1339 fretos;

164 1416 175 1424 ,
223 1381 421 1439 neque
453 1373 616 1419 tanta
648 1380 756 1417 nos
778 1361 935 1438 oepit
952 1361 1166 1419 virium
1199 1360 1429 1433 fiducia,
1450 1359 1815 1437 ut⁴omnibus
1844 1362 2102 1420 numeris
2126 1380 2275 1440 opus
2303 1364 2378 1420 se-

225 1457 418 1516 liciter
457 1456 792 1515 absolutum
835 1456 910 1515 ad
941 1456 1116 1515 finem
1147 1455 1392 1535 perduci
1432 1476 1605 1534 posse
1642 1470 1997 1535 putaremus.
2040 1462 2195 1517 Dum
2238 1478 2377 1516 vero

166 1588 175 1596 -
225 1554 412 1611 menti
444 1565 816 1611 succurreret
847 1553 1068 1611 nemini
1097 1554 1312 1631 magis,
1341 1571 1517 1630 quam
1550 1553 1646 1611 cui
1678 1551 1897 1611 diutius
1929 1553 2377 1633 phytographiae

182 1652 485 1728 „antiquae
519 1648 718 1707 studio
756 1648 1144 1709 insudandum
1188 1648 1392 1719 fuerit,
1431 1650 1821 1718 innotescere,
1853 1670 2027 1729 quam
2064 1666 2373 1711 contuma-

158 1813 169 1830 Ι
225 1766 352 1805 cem
387 1758 764 1805 tractaremus
787 1748 1122 1820 materiam,
1149 1760 1353 1805 nostro
1381 1747 1519 1825 jure
1546 1748 1905 1825 speravimus
1936 1747 2093 1821 fore,
2126 1762 2192 1807 ut
2218 1750 2376 1828 peri-

179 1894 205 1914 ,
229 1847 406 1904 tiores
433 1842 746 1904 conatibus
771 1845 984 1905 nostris
1011 1844 1429 1925 faverent;‚aut
1459 1846 1821 1923 ignoscerent
1846 1859 2020 1919 certe,
2043 1846 2092 1905 si
2108 1844 2377 1925 quaedam

169 1936 184 1954 ⁸
227 1942 366 2021 ipsis
396 1942 590 2001 minus
619 1940 1104 2020 adprobarentur.
1135 1946 1326 2015 Quam
1360 1942 1432 2000 ad
1461 1943 1745 2001 rationem
1773 1956 2034 2001 nostrum
2064 1944 2203 2017 hoc,
2231 1964 2378 2022 qua-

157 2034 187 2054 ’“
225 2040 532 2117 lecumque
558 2052 677 2111 est,
723 2057 873 2116 opus
909 2039 1270 2117 exegerimus
1291 2082 1310 2110 ‚
1334 2038 1436 2097 vix
1468 2058 1699 2097 necesse
1724 2036 2079 2099 arbitramur
2097 2040 2374 2099 lectorem

223 2134 408 2194 fusius
437 2134 720 2207 edocere,
756 2133 856 2213 qui
899 2134 1130 2193 affixam
1174 2112 1366 2214 primo
1406 2149 1609 2194 nostro
1652 2136 1935 2193 volumini
1975 2134 2374 2214 praefationem

221 2232 602 2309 pervolverit.
638 2230 815 2305 Quod
843 2231 1098 2309 pertinet
1133 2232 1206 2291 ad
1253 2229 1786 2311 repraesentandum
1825 2230 2377 2312 dilucidandumque

221 2328 502 2387 Plinianae
535 2328 819 2387 orationis
853 2340 1218 2401 contextum,
1248 2328 1613 2388 Harduinum
1644 2342 1962 2388 nostratem
1998 2330 2191 2409 sequi,
2224 2332 2375 2409 opti-

219 2444 384 2483 mum
426 2425 692 2484 omnium
729 2426 1108 2503 interpretem
1135 2470 1152 2499 ,
1199 2426 1438 2504 J'amjam
1481 2439 1568 2486 tot
1608 2424 1824 2485 abhinc
1859 2428 2024 2486 annis
2064 2427 2373 2486 doctorum

223 2522 560 2580 testimonio
605 2520 1089 2600 comprobatum,
1140 2522 1286 2581 nulli
1333 2520 1761 2597 dubitavimus3
1811 2543 1921 2582 nec
1971 2536 2162 2581 tamen
2210 2544 2245 2582 a
2284 2526 2373 2583 Cl.

221 2618 341 2676 viri
367 2618 656 2677 sententia
681 2619 958 2678 recedere
991 2618 1160 2677 nobis
1199 2619 1404 2698 religio
1440 2620 1552 2678 suit
1570 2664 1585 2693 ,
1615 2620 1663 2679 si
1688 2620 1828 2698 quid
1858 2634 1918 2678 et
1939 2640 2151 2679 novum
2177 2620 2371 2691 dictu,

219 2726 282 2771 et
323 2714 562 2791 cognitu
599 2712 836 2793 dignum
875 2713 1034 2793 apud
1085 2715 1430 2774 novissimos
1474 2715 1759 2788 editores,
1814 2716 2199 2775 Rezzonicum
2249 2718 2371 2777 scil.

221 2825 286 2869 et
337 2810 672 2870 Broterium
691 2852 708 2880 ,
765 2808 1335 2888 deprehenderimus.
1385 2815 1509 2871 Nec
1562 2812 1752 2870 fontes
1801 2812 2158 2891 negleximus
2209 2814 2368 2873 anti-

225 2926 404 2983 quos,
429 2906 707 2978 Pintiani,
731 2905 1040 2983 scaligeri,
1081 2906 1380 2983 Salmpasii,
1417 2919 1530 2965 etc.
1558 2908 2006 2966 commentarios
2041 2921 2101 2966 et
2139 2910 2371 2967 exerci-

229 3004 508 3069 tationem
553 3000 652 3060 sed
683 3000 1153 3061 doctissimorum
1183 3003 1445 3061 virorum
1476 3004 1820 3077 sententias,
1852 3005 2006 3063 notis
2033 3024 2207 3083 quam
2244 3004 2373 3065 bre·
2460 3026 2473 3037 ·

227 3099 478 3159 vissimis
501 3097 948 3178 comprehensas
987 3100 1308 3172 voluimus,
1357 3121 1429 3158 ne
1462 3102 1735 3160 volumen
1782 3102 2019 3161 nimiam
2058 3104 2116 3160 in
2160 3105 2370 3163 molem

227 3208 614 3269 nemra,
644 3208 746 3253 aut
772 3214 870 3267 ea,
901 3216 1034 3273 quae
1063 3194 1413 3256 videbantur
1449 3199 1703 3277 optima,
1747 3218 1989 3277 prorsus
2032 3200 2372 3259 omitteren-

227 3306 338 3353 tur.
368 3298 516 3367 Quae
535 3308 730 3351 autem
755 3290 1026 3369 adjuncta
1048 3292 1123 3351 de
1151 3306 1350 3351 nostro
1365 3337 1382 3365 ,
1404 3306 1508 3353 aut
1533 3316 1607 3353 ex
1632 3293 1891 3355 fontibus
1908 3295 2187 3356 hactenus
2209 3296 2370 3376 igno·

227 3392 296 3448 tis
343 3390 726 3469 deprompta,
770 3388 830 3446 in
882 3390 1067 3448 lucem
1116 3389 1370 3467 primum
1421 3391 1747 3471 prodeunt,
1805 3393 2001 3471 paucis
2047 3392 2372 3453 edisseren-

225 3486 358 3545 dum
397 3500 504 3545 est.
561 3484 952 3563 Dalecampii,
992 3485 1204 3558 Clusii,
1257 3485 1572 3565 Bodaeique
1622 3495 1789 3547 notas
1845 3487 1919 3546 de
1971 3490 2185 3567 plantis
2232 3492 2368 3551 illu-

225 3584 508 3656 strandis,
559 3583 922 3662 proprioque
966 3582 1200 3643 nomine
1246 3583 1614 3658 definiendis,
1669 3588 2064 3646 consuluimus
2108 3608 2365 3667 semper,

225 3682 317 3741 sed
349 3696 526 3741 caute
567 3692 630 3739 et
671 3700 810 3739 raro
851 3678 1217 3753 admisimus3
1261 3681 1398 3759 quia
1429 3682 1650 3742 scilicet
1691 3684 1931 3743 nimium
1974 3686 2239 3759 incertae,
2277 3688 2371 3746 ni-

221 3782 395 3841 mium
435 3778 722 3839 obscurae
763 3778 1106 3855 plerumque
1137 3779 1272 3837 visae
1309 3779 1556 3853 suerint,
1580 3800 1755 3858 quarn
1802 3795 1865 3839 ut
1898 3782 1966 3840 iis
2006 3795 2135 3841 tuto
2168 3783 2371 3843 adhae-

215 3900 335 3937 rere
383 3874 787 3957 potuerimus.
830 3873 1196 3935 salebrosum
1225 3876 1418 3955 igitur,
1452 3890 1511 3935 et
1540 3878 1659 3936 sere
1695 3879 2183 3951 inextricabilem,
2216 3885 2367 3960 phy-

212 3976 542 4057 tographiae
577 3972 836 4048 antiquae
865 3972 1020 4031 viam
1049 3986 1267 4031 tentare
1296 3976 1475 4049 ausiS,
1526 3974 1643 4034 dux
1673 3976 1843 4035 nobis
1876 3976 2235 4055 potissimum
2270 3980 2373 4038 eli-
