2850 4684
1013 363 1325 433 LIBER
1379 364 1591 432 XVI.

2210 364 2355 451 641

227 490 393 564 lium
445 520 580 563 non
631 492 906 587 jucundi
957 492 1181 562 odoris
1231 508 1515 587 utroque
1566 494 1727 562 visci
1772 516 2001 562 amaro
2042 510 2111 562 et
2162 496 2363 567 lento.

233 601 551 695 Hyphear
582 601 666 669 ad
694 599 1050 693 saginanda
1087 624 1328 693 pecora
1363 599 1643 668 utilius&
1682 600 1861 667 Vitia
1892 599 2093 670 modo
2121 620 2367 719 purgat

229 711 486 802 prim03
519 707 670 775 dein
705 706 1141 801 pinguefacit,
1181 732 1328 801 quae
1365 692 1723 775 suffecere⁸
1760 708 2156 801 purgationi.
2188 710 2365 796 Qui-

231 814 359 883 bus
399 817 484 883 sit
531 812 749 906 aliqua
803 812 986 880 tabes
1033 814 1248 897 intus,
1305 826 1552 905 negant
1589 811 1855 880 durare.
1914 816 2013 881 Ea
2058 814 2365 884 medendi

230 922 440 1007 ratio,
495 920 736 989 aestatis
787 918 1226 1013 quadragenis
1281 918 1533 987 diebus.
1592 918 1927 1011 Adjiciunt
1970 919 2363 1007 discrimen,
2404 966 2431 997 2

233 1028 418 1095 visco
451 1028 518 1093 in
551 1026 658 1093 his
686 1050 832 1119 quae
871 1023 1024 1093 folia
1063 1026 1402 1111 amittant,
1446 1036 1513 1093 et
1548 1025 1673 1117 ipsi
1714 1023 2019 1095 decidere
2068 1050 2085 1091 t
2130 1043 2367 1097 contra

229 1132 554 1200 inhaerere
571 1145 730 1199 nato
751 1132 816 1197 in
839 1144 1086 1201 aeterna
1109 1130 1364 1201 fronde.
1390 1132 1685 1199 Omnino
1707 1144 1929 1199 autem
1948 1145 2163 1201 satum
2182 1132 2364 1201 nullo

231 1237 438 1307 modo
493 1238 818 1323 nascitur,
873 1261 998 1305 nec
1052 1238 1176 1306 nisi
1224 1262 1344 1332 per
1403 1236 1663 1305 alvum⁹
1710 1238 1935 1306 avium
1994 1238 2363 1325 redditum,

233 1346 520 1412 maxime
555 1343 878 1437 palumbis
909 1367 988 1414 ac
1025 1343 1258 1413 turdis.
1305 1346 1466 1411 Haec
1502 1357 1605 1411 est
1636 1357 1872 1411 natura
1893 1394 1912 1426 ,
1964 1359 2041 1413 ut
2066 1345 2191 1415 nisi
2226 1370 2363 1414 ma-

233 1464 530 1519 turatum
581 1452 648 1518 in
691 1463 923 1517 ventre
964 1451 1225 1533 avium,
1275 1474 1412 1518 non
1469 1450 1833 1544 proveniat.
1880 1447 2177 1520 Altitudo
2224 1452 2363 1543 ejus

233 1582 372 1625 non
402 1555 659 1625 excedit
702 1552 1093 1639 cubitalem,
1139 1580 1400 1649 semper
1434 1554 1777 1625 frutectosi
1811 1578 1889 1624 ac
1926 1557 2171 1627 viridis,
2214 1560 2364 1627 Mas
2464 1579 2469 1587 ’

233 1662 502 1744 fertilis,
534 1662 776 1731 femina
809 1660 1080 1729 sterilis:
1110 1660 1463 1755 aliquando
1492 1686 1629 1731 non
1666 1660 1811 1729 fert.

340 1770 589 1837 XCIV.
649 1768 924 1835 Viscum
985 1766 1194 1835 confit
1228 1766 1246 1790 ¹

1311 1792 1393 1835 ex
1466 1769 1709 1853 acinis,
1778 1769 1893 1860 qui
1956 1766 2360 1862 colliguntur
2400 1802 2425 1839 ι

235 1876 544 1943 messium
599 1888 898 1967 tempore
951 1875 1331 1956 immaturi3
1383 1898 1537 1941 nam
1592 1875 1645 1941 si
1687 1898 2019 2003 accessere
2074 1875 2363 1963 imbreS,

229 1979 670 2074 amplitudine
731 1979 996 2072 quidem
1043 1994 1398 2072 augentur,
1455 1980 1641 2047 visco
1684 1978 1881 2047 vero'
1928 1997 2361 2050 marcescunt.

235 2089 586 2156 Siccantur
614 2084 890 2171 deinde,
941 2098 1008 2153 et
1035 2085 1204 2152 aridi
1235 2074 1643 2166 tunduntur,
1692 2108 1771 2153 ac
1814 2085 2109 2155 conditi
2092 2111 2159 2153 in
2195 2112 2369 2182 aqua

233 2177 680 2289 putrescunt3·
712 2139 1033 2261 duodenis
1083 2190 1220 2261 fere
1269 2191 1541 2261 diebus:
1592 2216 1930 2286 unumque
1966 2192 2095 2262 hoc
2142 2219 2367 2263 rerum

233 2298 680 2396 putrescendo
710 2300 988 2392 gratiam
1023 2299 1317 2367 invenit:
1353 2284 1546 2369 inde⁶
1582 2301 1649 2368 in
1688 2299 2099 2393 profluente,
2142 2325 2370 2371 rursus

319 2510 375 2561 7.
408 2492 504 2544 Ad
543 2490 814 2559 saginanda
857 2508 1034 2559 perora
1075 2490 1258 2541 utilius.

233 2572 589 2642 Theoplnrast.
619 2572 736 2638 πρὸς
765 2572 820 2621 τὸ
847 2570 1080 2635 χυλεὺειν.
1117 2570 1258 2621 Du..

320 2652 374 2703 8.
415 2651 543 2717 Quoe
567 2650 811 2715 suffecere.
841 2647 1170 2716 pinguefacit
1201 2664 1260 2697 ea

233 2730 510 2792 animalia,
541 2729 733 2799 quibus
761 2727 1018 2779 suffecere
1039 2725 1176 2777 vires
1192 2722 1260 2778 ad

235 2828 351 2863 eam
389 2809 756 2879 purgationem
791 2804 1079 2858 ferendam.
1124 2806 1260 2856 Nam

239 2890 420 2941 multis
454 2902 530 2940 est
555 2906 614 2940 ea
649 2886 847 2951 letalis,
875 2886 1150 2956 nempeiis
1167 2886 1260 2955 qui

237 2970 360 3022 tabe
383 2969 524 3019 intus
549 2968 792 3019 laborent
819 2966 1012 3036 aliqua.
1035 2966 1216 3017 Ham).

324 3066 376 3115 9.
408 3048 512 3098 Nec
530 3050 624 3099 nisi
636 3066 726 3117 per·
747 3048 917 3097 alvum.
943 3043 1094 3106 Οἷνὰς
1112 3078 1127 3103 ,
1155 3044 1260 3098 hoc

239 3140 343 3188 est,
391 3128 636 3178 columba
665 3126 938 3187 silvestris,
967 3125 1048 3175 vel
1079 3136 1138 3175 ut
1168 3124 1258 3175 alii

238 3208 684 3276 interpretantur,
709 3205 896 3257 turdus
910 3246 924 3270 ,
947 3204 988 3255 si
1009 3201 1260 3255 devorato

241 3288 370 3339 visci
401 3285 600 3337 semine
621 3286 678 3336 in
705 3286 893 3337 arbore
923 3284 1096 3353 aliqua
1121 3296 1261 3336 satu·

238 3366 446 3418 ritatem
469 3364 657 3434 egerit,
682 3365 884 3416 viscum
905 3365 1050 3415 aiunt
1071 3364 1260 3415 enasci.

240 3444 436 3497 Athen.
471 3443 565 3495 lib.
611 3444 727 3506 lx,
775 3460 894 3513 pag.
947 3442 1078 3509 394.
1119 3441 1260 3494 Vide

241 3528 444 3579 Erasm.
468 3522 605 3574 Chil.
631 3522 840 3587 LCent.
869 3540 921 3585 t,
950 3522 1114 3591 Adag.
1147 3522 1214 3574 55
1243 3540 1256 3574 ε

248 3631 272 3651 ι
301 3602 520 3655 Turdus
549 3603 660 3673 ipse
685 3602 782 3654 sibi
813 3603 1008 3653 malum
1031 3614 1195 3653 cacat.
1229 3627 1252 3647 ι

239 3684 318 3735 At
334 3682 513 3734 multis
525 3682 765 3734 tamenin
787 3680 1092 3750 regionibus
1113 3680 1262 3733 turdi

239 3782 352 3815 non
393 3774 520 3813 sunt
545 3800 560 3825 ,
609 3762 666 3814 in
697 3762 890 3831 quibus
931 3761 1060 3812 visci
1109 3762 1263 3831 copia

241 3855 336 3896 est.
366 3840 549 3894 Ilum.

323 3920 525 3973 XCIV.
561 3938 610 3973 1.
656 3920 850 3971 Viscum
887 3918 1048 3990 confit.
1090 3920 1267 3973 Gluti-

240 4020 376 4054 num
419 4016 614 4071 nempe
659 3998 808 4071 quod
855 3998 922 4053 ad
972 3999 1266 4072 aucupium

409 4111 492 4177 V.

1347 2492 1625 2561 pertinet·
1648 2492 1696 2541 la
1715 2490 1915 2558 glu.1d
1937 2491 1999 2544 fit
2021 2511 2085 2545 ex
2113 2494 2240 2545 visci
2261 2497 2369 2565 jam

1347 2568 1546 2621 laudati
1564 2569 1729 2621 acinis
1750 2570 1863 2619 sive.
1879 2572 2085 2638 granis:
2108 2573 2373 2641 desgmiees

1347 2649 1407 2699 de
1419 2666 1539 2716 guy.
1558 2649 1635 2698 Ita
1651 2648 1809 2699 etiam
1831 2650 2005 2699 Diosc.
2022 2650 2133 2713 111,
2162 2652 2284 2703 103.
2299 2651 2367 2705 H.

1349 2756 1431 2769 -—
1458 2727 1619 2777 Nunc
1641 2726 1846 2778 facilius
1872 2726 2241 2799 copiosiusque
2268 2750 2369 2783 no·

1347 2806 1595 2859 stratibus
1654 2804 1869 2857 conficit
1928 2806 2129 2859 viscum
2183 2823 2369 2863 cortex

1349 2904 1507 2957 supra
1535 2890 1644 2956 jam
1678 2898 1977 2937 memoratae
2010 2888 2242 2950 arboris,
2275 2889 2369 2939 ua·-

1348 2968 1418 3015 cis
1450 2982 1645 3036 nempe
1680 2964 1979 3035 Aqm'fhlioe,
2013 2982 2175 3035 quam
2209 2968 2367 3038 vulgo

1348 3042 1539 3097 dicunt
1558 3086 1572 3108 ,
1609 3046 1653 3095 le
1678 3044 1823 3097 hoca.
1846 3044 1951 3097 En.

1433 3144 1481 3177 a.
1519 3125 1663 3176 Visco
1688 3124 1988 3176 vem.Visco
2011 3142 2141 3177 vero
2168 3125 2368 3179 facien-

1347 3202 1418 3256 do
1452 3217 1574 3256 sunt
1598 3205 1773 3256 minus
1792 3204 1962 3256 utiles.
1990 3204 2099 3257 Nec
2116 3218 2256 3257 tanta
2276 3226 2367 3259 co·

1347 3285 1436 3355 pia
1462 3284 1664 3336 viscum
1690 3282 1949 3344 reddunt,
1990 3300 2089 3335 nec
2120 3297 2227 3337 tam
2255 3288 2366 3339 exi-

1348 3364 1453 3415 mia
1475 3364 1732 3415 bonitate.
1755 3365 1935 3415 Ham).

1434 3442 1484 3494 3.
1518 3444 1599 3494 Ac
1622 3442 1805 3495 conditi
1828 3447 1877 3493 in
1906 3462 2033 3511 aqua
2068 3456 2361 3513 putrescunt.

1345 3521 1656 3592 Legendum
1686 3540 1826 3585 reor,
1857 3525 1981 3573 cocti
1996 3525 2045 3573 in
2076 3542 2229 3594 aqua,
2252 3544 2365 3577 non

1349 3603 1546 3654 conditi.
1572 3600 1873 3654 Dioscorid.
1900 3602 1995 3653 lib.
2026 3602 2109 3653 111
2136 3621 2151 3653 :
2178 3629 2201 3651 ι
2221 3604 2367 3657 Tun—

1349 3680 1497 3735 ditur
1519 3694 1689 3733 autem
1732 3680 1935 3734 fructus
1964 3682 2007 3733 is
2025 3722 2041 3745 ,
2070 3699 2241 3751 quum
2272 3704 2367 3737 ca-

1351 3775 1539 3825 vatur,
1576 3772 1693 3829 post
1718 3760 1830 3812 hoec
1856 3762 1912 3813 in
1940 3778 2075 3830 aqua
2112 3760 2365 3833 decoqui·

1353 3854 1457 3895 tur.
1484 3866 1505 3887 ι
1534 3840 1695 3891 Puer.

1440 3927 1493 3984 4.
1536 3920 1669 3972 Inde.
1715 3918 1925 3973 Deinde
1968 3926 2025 3971 in
2066 3938 2199 3991 aqua
2244 3940 2373 3991 pro-

1355 3999 1555 4055 fluente
1576 4001 1769 4053 iterum
1798 4000 1987 4053 malleo
2007 4001 2245 4069 contusi,
2280 4004 2375 4057 ab·

2010 4112 2097 4193 41
