2850 4684
1029 375 1348 444 LIBER
1400 376 1557 443 XV.

2203 380 2354 467 4ῡό

222 532 435 579 manu
492 521 784 575 satarum
835 520 1385 601 receptarumque
1424 510 1507 579 in
1564 508 1840 594 domne,
1897 500 2174 581 fulmine
2219 515 2358 583 sola

224 640 369 684 non
422 598 667 683 icitur⁸.
730 610 839 679 Ob
880 610 1000 681 has
1038 636 1270 682 causas
1315 613 1620 707 equidem
1665 614 2094 704 crediderim,
2137 618 2356 689 hono-—

222 744 375 790 rem
423 722 483 789 ei
518 712 865 787 habitum⁹
906 718 975 785 in
1026 719 1377 813 triumphis
1427 721 1688 814 potius,
1733 745 1934 815 quam
1976 724 2127 816 quia
2171 725 2357 794 suffi-

225 839 534 897 mentum
576 826 663 893 sit
698 822 893 891 caedis
936 822 1227 892 hostium
1272 838 1339 893 et
1380 827 1722 919 purgatiO,
1774 842 1848 896 ut
1889 828 2093 897 tradit
2129 832 2358 900 Masu-

226 934 393 1001 rius.
456 930 770 1023 Adeoque
836 929 903 997 in
965 930 1259 1022 profanis
1336 932 1564 1000 usibus
1595 982 1616 1016 ‚
1695 930 1900 1025 pollui
1967 931 2230 1005 laurum
2293 954 2362 1006 et

228 1036 449 1107 oleam
494 1034 593 1106 fas
642 1059 779 1103 non
830 1032 1039 1122 estm,
1084 1049 1159 1103 ut
1212 1060 1297 1105 ne
1344 1034 1776 1131 propitiandis
1827 1038 2092 1132 quidem
2149 1046 2361 1110 numi-

228 1144 431 1212 nibus
486 1139 757 1211 accendi
801 1164 882 1209 ex
944 1139 1049 1209 his
1092 1138 1402 1210 -altaria¹⁸

228 1389 391 1440 cent,
448 1388 570 1428 utra
638 1372 799 1427 fuerit
856 1384 993 1426 terra
1016 1410 1033 1435 ‚
1094 1388 1255 1442 quam

230 1454 560 1509 exosculatus
579 1453 648 1506 sit
667 1454 889 1516 Brutus,
908 1450 1165 1521 Delphica
1185 1469 1255 1503 an

229 1536 435 1589 Italics.
474 1532 677 1586 Plinius
712 1531 1025 1603 Delphicam
1058 1530 1257 1583 intelli·

230 1614 344 1686 git:
368 1613 653 1685 Dionysius
660 1610 1084 1664 Halicarnasseus
1098 1627 1255 1680 quer-

228 1708 291 1747 ω
336 1693 609 1746 volumine
628 1728 645 1756 ,
684 1690 937 1744 Italicam.
985 1714 1009 1735 ι
1032 1690 1255 1754 Brutus,

230 1773 443 1845 inquit,
474 1771 773 1842 intelligens
803 1768 934 1841 quid
973 1768 1131 1821 vellet
1162 1765 1256 1820 de·

230 1854 435 1906 clarere
460 1850 621 1915 deus,
660 1850 755 1903 uhi
794 1867 951 1920 quain
982 1846 1257 1901 celerrime

230 1932 475 1985 Italicum
524 1942 719 1983 terram
768 1925 1033 1991 aseendit,
1082 1926 1261 1997 proci·

230 2010 405 2075 dens,
444 2010 705 2063 osculatus
735 2020 813 2061 est
846 2020 1073 2071 terram,
1120 2006 1257 2059 banc

228 2109 347 2145 esse
367 2102 557 2162 putans
583 2088 823 2141 omnium
848 2088 1127 2139 hominum
1148 2103 1257 2137 mn-

230 2170 393 2224 tre'm.
418 2169 635 2222 -Put-r.
664 2196 747 2209 --
772 2169 923 2219 Laut.
952 2165 1121 2237 Atqui
1146 2182 1255 2217 non

230 2249 585 2321 Delphicam,
628 2245 726 2301 sed
774 2246 963 2299 Italam
1011 2246 1254 2297 tellurem

230 2330 532 2383 osculatum
567 2344 679 2379 esse
704 2326 867 2379 refert
898 2325 1057 2377 Dion.
1086 2324 1270 2377 Helie:

230 2412 299 2461 A.
323 2410 389 2460 R
410 2408 507 2461 lib.
536 2408 637 2469 IV,
674 2424 797 2477 psg.
831 2406 962 2458 265.
994 2406 1167 2473 Atque
1194 2402 1255 2456 id

232 2490 414 2542 forsan
448 2478 663 2541 oinculo
706 2484 1083 2574 congruentius
1116 2482 1257 2546 fuit,

234 2566 525 2639 imperium
552 2562 897 2635 poi-tendenti
921 2561 970 2614 ei
997 2562 1137 2621 viro,
1164 2562 1259 2632 qui

233 2660 461 2700 matr-em
483 2646 634 2717 prior
652 2643 996 2696 oscularetur.
1026 2638 1130 2693 Sed
1148 2641 1259 2693 Pli-

233 2728 333 2781 nio
356 2726 539 2778 Livius
558 2723 893 2793 suffragatur,
928 2720 1027 2772 lib.
1044 2721 1103 2783 Ι,
1136 2738 1257 2790 pag.

240 2825 331 2860 so.
368 2806 551 2858 Hann.

320 2886 375 2938 8.
407 2883 529 2937 Sola
558 2903 655 2935 uon
694 2884 853 2935 icitur.
889 2879 955 2932 Id
975 2878 1261 2931 Veteribus

232 2964 460 3037 quidem
484 2960 781 3017 creditum.
809 2974 965 3033 negat
980 2958 1261 3011 Recentio-

234 3062 363 3099 rum
397 3043 735 3113 experientia.
764 3042 831 3093 H.
858 3068 941 3080 —-
968 3036 1033 3090 ld
1072 3038 1259 3089 falsum

168 3140 175 3148 ·
234 3142 353 3179 esse
395 3122 715 3193 experientia
752 3118 1151 3173 demonstravit.
1192 3118 1262 3169 At

236 3216 447 3258 eertum
491 3214 571 3255 est
604 3202 863 3254 resinosas
899 3200 1113 3251 arbores
1156 3197 1261 3249 ful-

236 3283 376 3337 mini
420 3299 531 3335 ase
576 3280 749 3333 minus
794 3278 1085 3341 obnoxias,
1126 3274 1261 3328 illud

237 3364 401 3417 etiam
424 3360 696 3431 repellere.
726 3361 925 3413 Gonu-a
952 3375 1159 3427 aquosa
1176 3374 1259 3407 ar-

235 3444 400 3496 bores
452 3458 591 3510 sape
638 3438 953 3493 fulminibus
1004 3436 1257 3489 iciuntur.

238 3519 407 3587 Quod
434 3520 503 3573 nd
528 3520 761 3571 electe-iae
792 3518 869 3571 vis
898 3517 1039 3586 leges
1064 3516 1259 3568 merito

236 3602 403 3655 refert
428 3598 749 3653 Cl.Toaldo.
774 3598 939 3650 Bnor.

322 3700 376 3749 9.
404 3680 651 3731 Honorem
678 3682 724 3729 ei
756 3677 997 3739 habitum,
1027 3686 1125 3726 etc.
1158 3674 1259 3735 Et,

238 3761 281 3813 si
302 3757 521 3831 quando
550 3758 897 3828 imperatores
932 3754 999 3807 de
1031 3753 1263 3805 hostium

236 3838 479 3893 exercitu
542 3836 754 3898 deleto,
816 3847 909 3889 sut
971 3843 1265 3902 expugnata

240 3919 375 3973 urbe
401 3916 471 3969 nd
490 3928 731 3971 senatum
752 3914 1057 3975 scriberent,
1078 3910 1268 3963 litteris

238 3994 592 4058 exornandis,
630 4014 761 4065 quas
804 4012 951 4047 nunc
988 3990 1232 4045 victrices
1250 4025 1267 4054 ‚

410 4106 495 4171 V.

1467 1166 1679 1212 araeve
1742 1142 2043 1214 debeant.
2105 1148 2362 1219 Laurus

1340 1388 1490 1425 nuuc
1505 1374 1756 1427 laureatas
1771 1376 2124 1446 appellabant.
2141 1373 2290 1444 Quin
2311 1392 2365 1435 et

1340 1449 1504 1505 iidem
1539 1452 1733 1523 insigni
1776 1455 1994 1508 victoris
2033 1470 2209 1527 parta,
2248 1459 2360 1513 lau·

1340 1532 1496 1585 restis
1519 1532 1742 1585 fascibus
1767 1533 2082 1588 incedebant
2095 1574 2112 1601 ,
2143 1540 2364 1593 nuntios

1341 1628 1468 1663 cum
1493 1612 1738 1665 laureatis
1751 1614 1943 1683 jaculis
1959 1614 2255 1681 mittebant,
2269 1636 2365 1671 ns-

1342 1708 1538 1760 vesque
1557 1691 1816 1745 laureatas
1831 1732 1848 1755 ,
1871 1706 1960 1747 sut
1981 1694 2204 1749 vittatus.
2227 1698 2364 1752 Du..

1431 1789 1514 1823 ιο.
1535 1770 1702 1821 Poltm·
1727 1772 1880 1822 oleam
1890 1773 1982 1838 fas
2021 1792 2116 1825 non
2147 1787 2234 1828 est.
2265 1778 2366 1830 Ca·

1342 1848 1490 1901 stitus
1515 1848 1670 1901 etiam
1697 1850 1990 1922 requiritur
2009 1852 2064 1905 in
2093 1854 2223 1907 oleae
2251 1858 2364 1909 cul-

1344 1939 1480 1981 ture.
1520 1928 1896 1983 Constantinus
1930 1931 2026 1984 lib.
2053 1932 2134 1985 lx
2167 1940 2364 1987 Γιωπο-

1341 2014 1516 2060 νικῶν·
1547 2006 1746 2060 ΡιιΙΙιιᾶ.
1773 2008 1864 2060 lib.
1887 2011 1939 2070 1,
1967 2028 2154 2081 cap.9.
2187 2016 2322 2067 Du..

1429 2104 1452 2139 1
1471 2104 1492 2137 1
1507 2124 1520 2137 .
1545 2086 1764 2139 Accendi
1787 2108 1848 2139 ex
1869 2088 1941 2141 leis
1967 2091 2164 2145 alean‘a.
2185 2092 2366 2146 Gemi-

1339 2183 1413 2217 no
1457 2166 1662 2236 lapsum
1711 2184 1820 2220 esse
1869 2186 2050 2223 errore
2097 2171 2202 2225 boc
2240 2171 2362 2227 loco

1339 2244 1576 2298 Plinium
1615 2264 1883 2300 nonnemo
1922 2249 2202 2303 arbitratus
2233 2263 2311 2304 est
2343 2270 2360 2305 :

1340 2336 1393 2377 et
1428 2326 1688 2379 sermonis
1715 2326 1850 2379 vitio
1869 2368 1887 2391 ,
1926 2329 2020 2399 qui
2061 2330 2260 2383 accendi
2285 2333 2366 2383 al·

1343 2409 1472 2456 tatia
1503 2403 1696 2458 dixerit
1715 2424 1730 2455 ε
1759 2418 1814 2457 et
1838 2410 2134 2478 ταυτολογίᾳ
2165 2411 2366 2481 pariter

1340 2482 1808 2553 reprehendenda,
1841 2486 1934 2554 qui
1965 2487 2144 2539 altaria
2171 2500 2225 2540 et
2250 2509 2364 2541 aras

1342 2563 1638 2631 copularit,
1665 2581 1830 2633 quum
1853 2563 2085 2631 ejusdem
2106 2567 2367 2636 significe-

1343 2654 1428 2693 tus
1450 2660 1560 2693 esse
1584 2660 1688 2693 vox
1719 2654 1940 2711 utraque
1973 2643 2231 2699 videatur.
2257 2646 2362 2699 Sed

1344 2719 1470 2772 falsa
1502 2734 1732 2791 utroque
1763 2738 1828 2771 eo
1857 2722 2075 2773 nomine
2109 2724 2224 2775 hoc
2265 2727 2369 2777 cri-

1344 2799 1568 2851 minatio
1595 2811 1690 2851 est.
1733 2800 1867 2851 Nam
1896 2812 1948 2851 et
1973 2800 2125 2853 Maro
2151 2803 2262 2873 ipse
2289 2804 2365 2857 sic

1344 2878 1626 2949 loquutus,
1658 2880 1780 2929 AEn.
1805 2876 1896 2928 lib.
1917 2879 2084 2945 vlu,
2111 2898 2188 2933 vs.
2217 2883 2362 2936 285:

1354 2958 1628 3010 «lucense
1653 2956 1836 3010 altaria
1857 2958 2078 3010 circum.
2113 2986 2134 3005 ·
2174 2962 2244 3013 Et
2271 2980 2364 3015 va.

1344 3036 1420 3089 let
1448 3037 1534 3087 hic
1561 3036 1890 3106 potissimum
1921 3038 2092 3091 Servii
2124 3040 2364 3095 animad-

1346 3116 1521 3169 versio
1549 3116 1602 3167 in
1629 3115 1760 3167 illud
1785 3114 2017 3187 ejusdem
2045 3120 2210 3185 vatis,
2249 3122 2364 3177 Ecl-

1348 3196 1522 3247 VIII:
1557 3220 1582 3243 α
1613 3196 1887 3266 Corripuit
1917 3198 2154 3252 tremulis
2181 3200 2367 3256 altaria

1347 3274 1602 3327 flammis:
1629 3275 1826 3327 Altaria
1850 3274 2136 3337 dicuntmu
2175 3294 2228 3333 et
2249 3300 2368 3353 qun

1348 3354 1650 3419 continent,
1693 3367 1747 3406 et
1778 3373 1899 3426 quae
1934 3358 2276 3415 continentur
2299 3362 2366 3414 eb

1348 3435 1461 3487 eis:
1493 3452 1638 3486 nunc
1669 3451 1798 3487 vero
1837 3435 1952 3503 ipsa
1989 3446 2368 3508 quae'ponun-

1350 3525 1460 3566 tur.
1484 3540 1505 3559 ι
1541 3512 1624 3564 Λᾶ
1647 3514 1870 3565 alterum
1897 3529 2024 3567 vero
2047 3517 2372 3573 criminatio-

1348 3595 1436 3645 nis
1463 3604 1656 3662 eaput,
1677 3592 1823 3663 quod
1849 3592 1916 3646 de
1941 3599 2236 3669 ταυτολιγίᾳ
2267 3613 2368 3661 est.

1350 3670 1482 3725 adeo
1533 3690 1641 3724 non
1695 3690 1760 3724 eo
1811 3674 2034 3727 nomine
2075 3676 2372 3749 culpandus

1351 3764 1537 3805 auctor
1572 3749 1811 3814 videtur,
1852 3765 1912 3805 ut
1944 3754 2163 3825 insignis
2197 3760 2372 3829 potius

1352 3828 1668 3883 eruditionis
1687 3832 1952 3901 specimen
1975 3852 2038 3885 eo
2071 3834 2190 3903 ipso
2215 3836 2375 3890 dede-

1353 3911 1442 3963 rit
1468 3911 1604 3963 Nam
1631 3922 1692 3961 ut
1715 3911 1958 3981 apposite
1975 3911 2118 3965 idem
2141 3916 2376 3969 Maronis

1356 3990 1619 4061 interpres
1648 3990 1702 4042 in
1734 3988 1868 4043 illud
1911 4004 2110 4061 poetae,
2155 3994 2266 4045 Ecl.
2294 3998 2372 4044 V·
2359 4036 2372 4047 .

2018 4092 2111 4163 30

2401 1176 2430 1226 3
