2850 4684
486 372 630 443 (312

489 506 644 576 lices
706 529 789 574 ex
847 488 1284 573 terebintho¹³

419 632 452 683 8
488 608 838 709 probatur¹
821 597 871 641 ¹⁴

1034 371 1110 439 C.
1163 368 1495 447 PLINII
1542 368 1755 439 NAT.
1798 367 2062 436 HIST.

1350 501 1580 572 solitus
1645 500 1861 571 facere
1916 514 2113 569 torno
2138 552 2159 587 ‚
2234 524 2359 595 per
2398 525 2617 631 quem

899 609 1221 679 materies-3.
1251 610 1571 679 Omnium
1604 607 1747 677 haec
1776 591 1975 678 sola¹⁵
2017 606 2178 701 ungi
2214 592 2449 693 vultffi,

2484 633 2623 677 me·

491 719 744 813 liorque
778 713 926 786 oleo
971 715 1064 784 fit.
1109 713 1311 784 Colos
1350 717 1519 783 mire
1562 712 1970 783 adulteratur
2011 709 2326 809 juglande
2362 737 2442 783 ac
2474 716 2625 809 piro

423 848 426 851 ’
491 824 775 895 silvestri
801 822 1057 909 tinctiS,
1083 835 1283 916 atque
1309 822 1376 890 in
1421 820 1856 891 medicamine
1896 818 2203 888 decoctis.
2248 820 2625 905 Omnibus»,

490 956 639 1026 quae
683 916 1003 1011 diximus,
1043 929 1250 1023 spissa
1291 926 1587 997 firmitas„
1638 924 1741 995 Ab
1774 925 1883 994 his
1918 923 2259 1020 proxima¹
2264 924 2435 995 ⁷est
2477 950 2629 995 cor-

491 1062 660 1106 nus·
642 1089 663 1124 ‚
692 1058 1070 1130 quanquam
1111 1058 1248 1102 non
1277 1046 1499 1127 potest
1544 1031 1754 1101 videri
1780 1032 2089 1101 materies
2124 1016 2464 1126 propter¹⁸
2492 1034 2631 1101 exi-

493 1142 784 1227 litatem,
824 1140 940 1210 sed
976 1138 1230 1234 lignum
1258 1162 1395 1208 non
1434 1138 1565 1209 alio
1600 1136 1821 1233 paene¹
1826 1136 1877 1226 ⁹,
1904 1160 2103 1232 quam
2136 1136 2221 1205 ad
2254 1138 2475 1207 radios
2512 1162 2630 1207 ro-

494 1370 608 1425 sive
635 1387 698 1423 ex
720 1379 936 1438 argento
951 1404 967 1431 ,
985 1366 1192 1419 vitrove
1205 1406 1220 1431 ‚
1239 1365 1518 1419 Tbericlee

494 1450 827 1503 dicebantur.
874 1444 1090 1509 Suidas,
1125 1447 1400 1517 Θηρίκλειον
1430 1463 1521 1498 πο·

498 1530 688 1599 eripient,
715 1528 904 1579 ὑαλινὸν
929 1526 1168 1597 exponit.
1191 1524 1373 1578 Hui».

583 1609 673 1661 13.
737 1606 926 1659 Calices·
968 1625 1028 1657 ex
1075 1605 1336 1657 terebintho
1358 1642 1373 1665 ,
1419 1615 1521 1657 etc.

497 1686 672 1759 Lege:
695 1708 718 1729 ·
733 1685 939 1739 Calices
979 1702 1042 1737 ex
1090 1683 1392 1736 terebintho
1436 1701 1523 1735 so-

498 1768 626 1820 litus
667 1766 837 1819 facere
873 1776 1030 1816 torno
1049 1795 1066 1823 ‚
1107 1780 1364 1834 perquam
1397 1781 1521 1832 pro-

502 1846 670 1899 batos.
701 1844 948 1897 Materies
975 1842 1226 1895 omnium
1259 1844 1375 1895 haee
1415 1843 1527 1895 sola

503 1925 632 1996 ungi
656 1924 788 1977 vult.
813 1948 836 1969 ι·

503 2024 566 2058 ex
597 2002 900 2057 terebintho
917 2012 1131 2055 tornare
1150 2000 1364 2054 solitum
1395 1998 1529 2053 dicit

501 2084 649 2137 hune
671 2082 974 2137 Thericlem
989 2119 1004 2144 ,
1031 2080 1126 2151 qui
1162 2080 1229 2134 ab
1264 2097 1329 2132 eo
1361 2080 1529 2132 Theri-

503 2164 597 2215 clei
623 2172 747 2214 sunt
773 2159 1051 2214 nominati.
1081 2158 1531 2212 Sam.—Cale‘ces

503 2262 532 2292 e
563 2240 823 2292 terebintho
845 2240 1016 2290 solitus
1032 2238 1204 2304 facere
1247 2248 1383 2289 tomo
1403 2274 1420 2303 ‚
1440 2256 1533 2307 per

505 2338 641 2391 quem
659 2318 899 2389 probatus·
920 2320 1157 2369 materies.
1181 2315 1406 2369 Omnium
1429 2316 1532 2369 hoee

503 2400 611 2451 sola
643 2434 662 2460 ‚
705 2408 806 2449 etc.
857 2392 1210 2449 scribendum
1269 2392 1529 2457 videtur,

515 2504 538 2525 ·
561 2476 762 2531 Calices
787 2493 818 2527 e
843 2474 1146 2528 terebintho
1166 2474 1347 2528 solitus
1361 2474 1533 2529 facere

509 2570 668 2611 torno
679 2575 696 2623 3
709 2572 803 2609 cor
820 2556 908 2626 cuj
915 2572 978 2609 us
991 2556 1265 2626 probatur.
1284 2554 1535 2608 Materies

511 2636 761 2691 omnium
787 2635 902 2687 hnc
920 2635 1027 2688 sola
1042 2675 1058 2698 ,
1087 2647 1186 2687 ete.
1211 2658 1233 2679 ι
1254 2633 1531 2706 Theophr.

510 2718 610 2771 lib.
630 2716 704 2779 V,
727 2734 774 2769 c.
800 2721 832 2778 4
853 2732 866 2766 :
895 2740 918 2762 ι
941 2715 1012 2769 Et
1038 2714 1231 2785 pocula
1256 2714 1534 2767 Thericles

514 2796 715 2850 tornari
741 2813 859 2867 quae
885 2812 914 2847 a
941 2793 1194 2848 fictilibus
1209 2794 1411 2846 secerni
1425 2812 1535 2847 non

469 2880 476 2885 ’
513 2887 737 2948 possunt
760 2892 774 2926 ε
798 2892 982 2926 verum
1013 2892 1106 2927 eor
1133 2883 1338 2926 tantum
1363 2873 1537 2945 accipi

513 2967 570 3009 et
588 2952 817 3026 perungi
857 2953 1128 3007 materiam
1167 2964 1415 3021 oportere
1443 2971 1537 3006 vo-

515 3034 652 3087 lunt.
676 3058 700 3081 »
733 3031 892 3085 Puer.
917 3062 995 3073 --
1037 3030 1226 3084 Calices
1251 3051 1310 3083 ex
1334 3030 1539 3084 terebin-

519 3114 624 3171 tho,
653 3122 757 3164 ete.
789 3110 938 3174 Quos
958 3127 989 3160 a
1021 3108 1215 3179 figlinis
1240 3107 1540 3165 discernere

516 3190 668 3245 facile
679 3207 789 3241 non
805 3199 933 3241 erat.
945 3186 1219 3258 Theophr.
1232 3189 1542 3243 Corinthius

519 3269 564 3323 is
587 3266 860 3322 Ther-icles
893 3265 1014 3319 ruit.
1045 3265 1278 3331 Quidam
1297 3270 1541 3340 θηρίκλιιοι

519 3346 662 3401 dieta
690 3345 910 3410 volunt,
935 3344 1082 3415 quod
1109 3348 1166 3399 in
1209 3347 1274 3399 iis
1299 3349 1427 3401 ferse
1458 3349 1543 3401 in-

519 3427 902 3497 sculperentur.
929 3423 1154 3495 Rhodig.
1179 3426 1273 3479 lib.
1295 3428 1512 3481 XXVII
1526 3468 1539 3490 .

520 3523 638 3576 esp.
668 3522 758 3573 ²7·
783 3501 1028 3574 Figulum
1049 3504 1389 3559 Corinthium
1403 3506 1543 3561 The-

519 3585 706 3639 riclem
729 3580 885 3649 fuisse
901 3617 918 3645 ‚
939 3600 1049 3635 non
1071 3596 1246 3637 autem
1263 3602 1418 3639 usum
1438 3600 1545 3640 ton-

520 3682 629 3727 no,
662 3660 846 3715 scribit
875 3661 1193 3729 Atheniens,
1215 3663 1250 3716 1.
1275 3664 1373 3718 XI.
1389 3664 1542 3719 Idem

522 3755 701 3796 tamen
727 3756 799 3792 ex
833 3738 1179 3811 Apollodoro
1214 3740 1386 3797 Geloo
1417 3744 1545 3798 citat

519 3822 784 3890 Θηρίκλιιοι
809 3820 1030 3889 τορευτά.
1063 3820 1199 3873 Du..

611 3905 698 3963 14.
734 3899 834 3950 Per
865 3916 1001 3969 quem
1036 3900 1287 3968 probatur.
1315 3901 1502 3955 Torno
1526 3940 1542 3965 ‚

519 3978 718 4049 inquit,
739 3976 969 4031 anterio
987 3976 1192 4032 bonitas
1219 3979 1545 4051 firmitasque

867 1920 1041 1975 Valde
1063 1922 1316 1994 probatos
1341 1920 1543 1974 calices-

1606 1364 1909 1436 agnoscitur
1932 1401 1951 1428 ,
1995 1376 2050 1418 et
2100 1364 2297 1419 coloris
2338 1365 2507 1421 nitor.
2553 1367 2637 1421 Ita

1607 1444 1762 1499 MSS.
1783 1462 1987 1498 omnes.
2010 1444 2193 1498 Hinn.

1698 1522 1787 1577 15.
1825 1524 2051 1578 Omnium
2082 1524 2185 1575 ltoee
2208 1524 2331 1577 sola.
2370 1524 2637 1579 Terebin-

1610 1603 1736 1656 thus
1760 1604 1871 1657 sola
1890 1604 2115 1674 perungi
2136 1604 2447 1675 priusquam
2462 1618 2641 1657 torne-

1610 1696 1725 1744 tur,
1748 1684 2015 1753 postulat:
2038 1683 2115 1737 sie
2142 1683 2287 1735 enim
2323 1682 2535 1749 melior,
2552 1685 2641 1737 ni-

1611 1762 1861 1833 grior-que
1885 1761 2132 1815 efficitur.
2151 1762 2186 1814 J
2188 1762 2374 1833 uglsns
2392 1776 2450 1817 et
2472 1765 2642 1833 pirus,

1612 1843 1653 1894 si
1668 1840 2033 1911 decoquantur
2048 1842 2104 1893 in
2118 1842 2297 1895 colore
2314 1843 2473 1913 nigro
2486 1882 2504 1907 ,
2530 1862 2641 1916 quo

1614 1920 1931 1991 tinguntur,
1979 1921 2209 1974 referent
2244 1922 2545 1975 terebinthi
2568 1924 2640 1977 si-

1616 1998 1996 2053 militudinem.
2013 2000 2195 2054 Hann-

1704 2084 1793 2133 16.
1810 2080 1944 2149 Ungi
1956 2078 2084 2133 vult.
2101 2079 2331 2151 Syriaeue
2352 2080 2643 2135 terebinthi

1618 2156 2320 2229 medulls.Theophr.Ds1..

1706 2256 1796 2308 17.
1822 2237 1908 2291 Ab
1930 2240 2003 2290 his
2020 2238 2649 2311 pmxime.'1'heophrast.

1619 2318 1755 2371 Hist.
1788 2317 1885 2371 lib‘.
1900 2319 1970 2376 V,
1996 2332 2111 2389 cap.
2140 2320 2207 2371 8:
2229 2310 2560 2390 ἰσχυρότατον
2586 2316 2649 2374 δὲ

1618 2396 1703 2451 καὶ
1726 2398 1758 2454 ἡ
1792 2398 1985 2468 κρανία.
2012 2395 2194 2451 Han.

1706 2494 1728 2529 1
1742 2477 1795 2529 8.
1850 2476 2139 2548 Quanquam
2172 2496 2268 2529 aon
2303 2490 2469 2547 potere
2489 2478 2653 2531 videri

1620 2557 1837 2609 materies
1850 2568 2054 2628 propter
2065 2556 2345 2620 exilitatem,
2360 2558 2450 2611 sed
2458 2558 2649 2627 Ιίειιιη

1620 2654 1716 2687 non
1742 2635 1840 2688 alio
1858 2654 2000 2707 poene
2014 2676 2030 2701 ‚
2071 2654 2233 2707 quam,
2272 2648 2375 2691 etc.
2404 2636 2547 2691 Hine
2565 2654 2653 2691 se·

1620 2713 1777 2786 quior
1804 2714 2032 2769 latinitas
2078 2720 2318 2767 metes-cem
2348 2735 2451 2789 pro
2500 2718 2653 2771 trabe

1622 2795 1918 2865 usurpavit.
1944 2794 2016 2847 Et
2042 2799 2253 2865 materia
2282 2800 2657 2869 quinquagenu-

1622 2878 1737 2939 νέω,
1762 2893 1864 2945 pro
1886 2874 2126 2927 trabibus
2148 2875 2539 2947 quinquaginta
2562 2894 2655 2949 pe·

1622 2950 1716 3006 des
1742 2952 1929 3024 longis.
1952 2952 2203 3007 Notanda
2220 2965 2275 3007 et
2304 2955 2395 3009 iun
2422 2956 2653 3021 locutio,

1624 3051 1720 3085 non
1748 3033 1849 3085 alio
1868 3052 2027 3103 pane,
2047 3032 2104 3087 id
2124 3045 2202 3086 est
2216 3070 2233 3099 ,
2250 3053 2361 3087 non
2382 3036 2485 3087 elio
2504 3035 2657 3101 utile,

1624 3130 1727 3183 pro
1772 3130 1883 3166 non
1930 3111 1999 3166 nd
2044 3114 2201 3166 sliam
2230 3132 2347 3167 rem
2374 3114 2532 3169 utile.
2564 3116 2657 3169 Sic

1626 3211 1750 3265 quo,
1776 3210 1878 3262 pro
1904 3191 1970 3245 ad
2000 3210 2160 3264 quam
2192 3210 2325 3247 rem.
2356 3194 2533 3248 Sam.

1717 3288 1739 3323 1
1753 3289 1803 3341 9.
1830 3272 1947 3324 Non
1964 3272 2063 3325 alio
2074 3291 2228 3342 poene.
2242 3270 2349 3325 sed
2366 3284 2423 3327 et.
2446 3274 2656 3328 bestilia

1630 3368 1697 3402 ex
1711 3368 1879 3403 corno
1898 3352 2086 3405 arbore
2106 3352 2239 3404 facta
2256 3352 2441 3407 Festus
2462 3354 2655 3421 refert,

1630 3448 1749 3501 quae
1764 3430 1989 3484 colurna
2000 3436 2067 3483 et
2082 3448 2146 3483 eo
2158 3429 2487 3487 dicerentur.
2502 3432 2658 3487 Glos-

1629 3526 1698 3562 ω
1719 3528 1732 3560 :
1754 3511 1946 3580 Κρανία
1970 3504 2192 3581 δένδρον.
2224 3510 2493 3565 Colarnum
2508 3552 2524 3578 ,
2544 3533 2657 3565 eor·

1632 3588 1945 3659 nees.Virgil.
1978 3590 2175 3661 Geni-g.
2200 3590 2296 3643 lib.
2322 3592 2409 3657 11,
2432 3610 2486 3645 v.
2507 3592 2649 3662 396:

1637 3692 1661 3714 ι
1683 3668 2010 3739 Pinguiaque
2049 3668 2106 3720 in
2151 3670 2381 3726 verubus
2423 3672 2657 3726 torrebi-

1631 3764 1750 3799 mus
1760 3758 1883 3801 exta
1902 3748 2156 3801 columis.
2175 3773 2199 3796 n
2220 3748 2358 3813 Quae
2382 3768 2451 3803 ex
2468 3753 2659 3823 corylo

1631 3825 1821 3880 arbore
1841 3865 1857 3891 ,
1879 3844 2187 3899 perperam,
2208 3841 2270 3881 ut
2296 3846 2513 3897 remur,
2536 3832 2661 3887 Ser-

1632 3904 1780 3971 vius,
1802 3906 2033 3977 aliique,
2072 3906 2169 3979 qui
2204 3920 2330 3962 sunt
2362 3910 2661 3975 subsecuti,

1634 3983 1767 4037 facta
1794 3984 2227 4055 interpretantur.
2258 3986 2415 4043 Maro
2444 3990 2657 4045 AEneid.
