2850 4684
489 358 662 461 ‚162
1024 361 1106 428 c.
1164 357 1509 432 PLINII
1563 358 1781 432 NAT.
1852 359 2112 428 ulsT.

509 509 688 564 terra
743 479 1032 589 gignat¹⁸
1051 547 1072 580 ,
1121 494 1476 588 herbisque
1531 495 1767 581 etiam,
1812 508 2169 588 utrumque
2212 517 2443 564 sexum
2496 521 2653 568 &sse

508 600 982 696 diligentissimi
1019 614 1274 670 naturae
1321 600 1597 673 tradunt
1633 625 1650 668 ε
1704 599 1885 694 quod
1920 602 1987 668 in
2038 598 2309 695 plenum
2352 602 2511 672 satis
2557 605 2653 672 sit

509 707 746 777 dixisse
783 707 915 775 hoc
947 706 1014 774 in
1044 705 1192 775 loco
1219 731 1234 773 :
1271 705 1469 776 nullis
1507 721 1730 776 tamen
1762 705 2108 776 arboribus
2137 706 2645 778 manifestius¹⁹.

506 815 655 883 Mas
686 815 753 881 in
783 810 1049 908 palmite
1075 811 1270 881 floret
1286 813 1366 896 ²⁰,
1390 811 1636 882 femina
1672 813 1835 882 citra
1867 811 2098 881 florem
2124 814 2451 908 germinat
2488 829 2648 882 tan-

509 934 650 988 tum
687 921 882 1014 spicae
927 917 1214 988 modo²¹.
1251 919 1567 1012 Utrisque
1602 932 1827 988 autem
1861 919 2073 1012 prima
2116 919 2409 990 nascitur
2444 923 2645 1013 pomi

505 1049 664 1096 caro
695 1051 710 1093 τ
749 1039 979 1120 postea
1011 1023 1265 1119 lignum
1295 1025 1574 1106 intus²²‚
1608 1025 1741 1092 hoc
1781 1037 1911 1110 est,
1940 1047 2163 1092 semen
2200 1024 2363 1116 ejus.
2406 1027 2643 1119 Argu-

505 1146 840 1214 mentum,
899 1129 1078 1226 quod
1139 1153 1360 1224 parvae
1405 1131 1545 1199 sine
1598 1129 1731 1199 hoc
1792 1131 2212 1226 reperiuntur
2270 1130 2339 1198 in
2393 1131 2640 1200 eodem

502 1237 794 1332 palmite.
829 1238 950 1306 Est
985 1249 1207 1304 autem
1246 1233 1656 1330 oblongum:
1695 1259 1873 1318 non,
1915 1250 1991 1304 ut
2028 1234 2256 1320 olivis»,
2293 1235 2637 1306 orbicula-

499 1357 666 1412 tum.
725 1346 1047 1411 Praeterea
1089 1365 1328 1410 caesum
1380 1365 1420 1408 a
1474 1339 1673 1412 dorso
1728 1339 2068 1435 pulvinata
2120 1340 2398 1430 fissura,
2446 1357 2519 1412 et
2566 1345 2641 1412 in

499 1437 716 1518 alvo²³
745 1447 960 1516 media
1000 1445 1326 1541 plerisque
1361 1445 1866 1588 umbilicatum:⁴⁴
1891 1445 2069 1516 unde
2106 1449 2396 1567 primum
2434 1473 2635 1541 spar-

429 1569 462 1626 4
499 1556 677 1649 gitur
717 1553 922 1624 radix.
967 1554 1220 1622 Seritur
1257 1566 1483 1622 autem
1520 1542 1888 1646 pronum²⁴‚
1920 1567 1989 1622 et
2024 1553 2179 1622 bina
2216 1554 2407 1646 juxta
2438 1580 2631 1625 com-

498 1663 715 1756 posita
753 1661 1037 1745 semina,
1081 1680 1410 1752 supeique
1460 1659 1770 1744 totidem,
1815 1661 2128 1751 quoniam
2172 1659 2439 1728 infirma
2486 1663 2635 1730 sin-

498 1764 668 1859 gulis
701 1763 926 1860 planta
946 1779 1084 1834 est:
1111 1778 1447 1858 quaternae
1474 1753 1917 1835 coalescunt²⁵
1922 1763 2185 1835 .Multis
2184 1765 2635 1862 candidisque

498 1869 752 1965 lignum
795 1872 926 1940 hoc
973 1893 1016 1939 a
1057 1863 1367 1940 carnibus
1408 1862 1807 1942 discernitur
1842 1871 2116 1957 tuniciS,
2160 1871 2303 1941 aliis
2354 1875 2636 1968 corpori

499 1977 1019 2046 adhaerentibus.
1055 1975 1328 2072 laxeque
1365 1976 1648 2065 distanS‚
1694 1991 1952 2047 tantum
1984 1979 2315 2047 cacumini
2350 1978 2465 2047 filo
2504 1979 2635 2050 ad-

496 2084 721 2153 haeret.
761 2087 936 2154 Caro
973 2084 1357 2152 maturescit
1391 2107 1591 2152 anno.
1629 2083 2043 2172 Quibusdam
2076 2097 2300 2153 tamen
2329 2085 2397 2152 in
2437 2083 2635 2174 lociS,

498 2203 576 2258 ut
612 2191 682 2258 in
718 2191 944 2283 Cypro
967 2177 1041 2275 ¹¹⁶,
1067 2212 1447 2282 quanquam
1478 2189 1563 2258 ad
1592 2191 2040 2260 maturitatem
2076 2215 2211 2260 non
2246 2195 2634 2285 perveniat,

781 2405 805 2428 ι
825 2383 889 2436 In
911 2382 1084 2454 pretio
1101 2399 1284 2452 scopas
1301 2393 1523 2436 testatur
1606 2384 1829 2454 καθάπερ
1858 2345 2045 2452 στ’άχυς
2066 2420 2084 2448 ,
2126 2381 2196 2440 de
2236 2383 2423 2438 camis
2449 2386 2547 2440 lib.
2574 2389 2630 2456 1,

1608 2481 1728 2534 cap.
1754 2469 1855 2528 24,
1883 2479 2004 2537 pag.
2038 2481 2165 2534 ²²7·
2189 2461 2370 2518 Eun.

498 2399 696 2439 txxxu
720 2403 736 2435 ε

499 2466 674 2538 palma
699 2463 860 2516 fuisse
881 2481 894 2515 ε
921 2461 1044 2516 Otia
1065 2461 1156 2515 sed
1179 2464 1352 2534 acopis
1376 2477 1521 2516 nunc

499 2545 732 2599 analecta
771 2542 991 2597 dabunt.
1017 2568 1041 2591 ι
1103 2541 1311 2614 Nempe
1349 2541 1522 2613 scopia

500 2623 721 2696 palmeis
770 2623 1134 2694 pavimentum
1190 2623 1520 2675 ven-ebatur.

500 2699 682 2768 (Cous.
713 2717 755 2758 t.
783 2704 885 2768 111,
911 2721 967 2774 p.
987 2721 1017 2755 a
1033 2721 1056 2755 1
1073 2719 1124 2766 1,
1146 2699 1276 2755 edit.
1299 2697 1462 2768 nost.)

586 2803 609 2838 1
623 2788 674 2839 8.
729 2783 964 2837 Omnibus
1009 2799 1116 2854 quae
1159 2793 1288 2833 terra
1321 2783 1517 2850 gignat.

497 2864 854 2936 Theophrast.
905 2861 1042 2914 nist.
1089 2862 1256 2932 plant.
1302 2860 1399 2913 lib.
1432 2861 1515 2920 V,

499 2964 614 3016 cap.
646 2962 669 2995 1
687 2963 734 2997 ι.
765 2945 898 2994 Du..

585 3041 674 3091 19.
719 3021 1042 3088 Manifiste‘us.
1091 3021 1265 3085 Quam
1307 3019 1514 3090 palme.

497 3101 770 3172 Theophr.
787 3093 921 3152 nist.
951 3099 1044 3151 lib.
1069 3100 1153 3165 11,
1172 3115 1288 3169 cap.
1307 3117 1362 3168 9.
1379 3099 1518 3152 Tra-

496 3181 726 3235 latitium
781 3175 1068 3232 Claudiani
1133 3195 1344 3231 carmen
1409 3179 1517 3230 huc

496 3260 755 3331 pertinet,
783 3259 840 3310 in
867 3258 918 3310 N
923 3267 1039 3328 upt.
1061 3256 1266 3310 Honor.
1299 3268 1352 3309 et
1375 3257 1515 3310 Mar.

497 3359 573 3392 va.
596 3338 668 3392 65
688 3357 704 3394 z
739 3363 762 3384 ι
783 3337 990 3389 vivunt
1019 3335 1074 3388 in
1092 3353 1337 3390 venerem
1361 3337 1517 3390 fron-

495 3417 610 3485 des,
635 3416 915 3487 omnisque
935 3414 1160 3468 vicissim
1188 3415 1334 3468 Felix
1356 3418 1519 3470 arbor

495 3509 637 3551 amat
673 3514 690 3550 :
737 3507 924 3549 nutant
973 3492 1040 3546 ad
1087 3507 1270 3548 mutua
1323 3495 1515 3567 palma

497 3576 780 3630 Foedeu.»
809 3575 988 3626 Hsnn.

583 3676 670 3709 ao.
704 3655 859 3708 Mas
839 3673 891 3706 m
905 3654 1039 3724 palm
1044 3653 1223 3722 ..floret
1239 3655 1515 3726 Theophr.

499 3737 699 3790 Hister.
727 3735 821 3787 lib.
849 3735 910 3796 1,
945 3749 1064 3803 cap.
1098 3750 1204 3799 aa,
1229 3745 1284 3786 et
1306 3734 1402 3786 lib.
1432 3735 1517 3801 11,

501 3835 621 3889 cap.
646 3819 701 3870 8.
725 3816 925 3867 DAz-nc.

587 3915 677 3949 π.
726 3893 887 3966 Spicea
939 3890 1094 3946 modo.
1149 3890 1253 3944 vel
1302 3892 1518 3946 racemi.

501 3979 704 4031 Tamen
725 3976 778 4027 in
799 3973 953 4028 MSS.
973 3976 1141 4043 spinae.
1155 3972 1224 4025 At
1241 3971 1516 4043 Theophr.

1694 2561 1721 2595 a
1734 2563 1786 2598 a.
1804 2543 1981 2594 Postea
2008 2543 2189 2613 lignum
2216 2549 2359 2596 intus.
2382 2545 2503 2598 Hoc
2522 2559 2630 2614 est,

1608 2623 1860 2688 nucleus,
1893 2636 2097 2676 naturai
2126 2621 2360 2678 durioris
2402 2641 2417 2677 τ
2468 2643 2629 2696 quam

1607 2701 1812 2755 Plinius
1855 2700 2001 2773 ligno
2018 2738 2035 2767 ‚
2085 2702 2311 2756 ossiculo
2350 2703 2626 2777 Theophr.

1606 2781 1801 2853 aliique
1826 2794 2174 2852 comparant:
2216 2784 2344 2836 ὀστᾶ
2382 2791 2485 2837 rim
2528 2805 2629 2856 φοι-

1604 2863 1747 2917 νίκων
1774 2874 1927 2915 vomt
1951 2863 2103 2914 Auci.
2136 2861 2307 2934 Geop.
2336 2863 2433 2916 lib.
2455 2865 2527 2919 X.
2556 2867 2627 2920 Η.

1690 2941 1785 2996 23.
1826 2941 1889 2993 In
1920 2941 2030 2992 alvo
2072 2941 2243 2994 medab.
2276 2942 2358 2994 Ex
2402 2942 2629 2998 adverso

1604 3020 1835 3086 fissura,
1882 3019 2193 3074 umbilicum
2242 3021 2395 3074 illum
2444 3021 2629 3078 videre

1604 3112 1681 3154 est
1704 3101 1762 3152 in
1786 3099 1979 3153 nucleo
2004 3101 2231 3170 palmeo.
2260 3101 2428 3155 Bao-r.

1687 3184 1779 3243 24.
1820 3180 2055 3232 Pronum.
2094 3179 2285 3236 Semen
2330 3181 2625 3252 nimirum,

1603 3275 1697 3312 seu
1748 3259 2004 3322 nucleus,
2062 3261 2214 3330 cujus
2262 3261 2454 3332 supina
2502 3283 2627 3334 pan

1601 3339 1758 3391 ὑπτία
1782 3357 1843 3392 ea
1862 3351 1941 3392 est
1956 3375 1973 3405 ,
2006 3355 2164 3410 quam
2186 3339 2389 3394 Plinius
2402 3341 2623 3396 dorsum

1602 3419 1861 3490 appellen
1884 3421 2097 3489 πρανὴς,
2120 3419 2232 3474 sive
2257 3439 2425 3492 prona
2452 3441 2541 3486 ea,
2568 3424 2623 3476 in

1602 3515 1707 3569 qua
1734 3498 2039 3552 umbilicus.
2061 3497 2188 3552 Huic
2214 3519 2429 3554 tunsum
2452 3501 2626 3555 Theo·

1600 3577 1725 3649 pbr.
1754 3577 1789 3629 l.
1818 3596 1865 3631 c.
1884 3577 2067 3631 lium.

1685 3657 1778 3710 25.
1822 3657 1973 3727 Quat.
2016 3658 2299 3711 coalescunt.
2345 3659 2619 3736 Theophr.

1607 3737 1740 3790 nist.
1768 3736 1860 3789 lib.
1888 3738 1962 3803 11,
1992 3755 2107 3809 cap.
2128 3743 2178 3790 8.
2206 3739 2345 3791 Du..

1693 3819 1782 3870 26.
1816 3817 1885 3869 Ue
1908 3821 1958 3869 in
1990 3817 2167 3889 Cypro.
2210 3817 2396 3871 Genus
2430 3816 2487 3871 id
2514 3837 2625 3872 esse

1608 3896 1899 3966 palmarum
1943 3897 1994 3950 ei
2034 3897 2218 3950 insula
2256 3898 2525 3967 peculiare
2558 3917 2623 3952 ac

1606 3975 1887 4074 proprium
1914 3974 2077 4032 tradit
2096 3974 2371 4048 Theophr.
2399 3978 2439 4031 1.
2474 3995 2521 4030 c.
2552 3975 2620 4030 H.
