2850 4684
1019 321 1188 388 Lm
1201 319 1326 390 ER
1374 322 1558 389 ΧΊΙ.

2255 349 2347 422 97

195 450 412 522 insula
443 453 786 524 nascitur.
823 453 998 524 Nam
1035 477 1182 548 quae
1220 454 1290 523 in
1329 454 1555 523 Africa
1602 451 1679 522 fit
1698 501 1719 538 ‚
1760 452 1847 521 ad
1884 455 2177 526 medicos
2220 472 2355 526 tan·

205 573 352 628 tum
392 561 704 654 pertinet
719 614 742 649 ,
783 575 1192 654 vocaturque
1263 561 1587 630 massaris.
1642 559 1971 630 Omnibus
2011 577 2229 632 autem
2273 590 2355 633 ex

211 663 360 733 alba
386 664 708 736 labrusca
747 668 1162 761 praestantior
1182 718 1201 751 ‚
1237 689 1436 760 quam
1478 689 1517 734 e
1558 665 1765 760 nigra.

319 773 540 840 LXII.
587 775 715 842 Est
758 788 1077 868 praeterea
1133 771 1332 842 arbor
1380 770 1465 840 ad
1506 771 1734 841 eadem
1779 787 2117 866 unguenta
2162 777 2353 868 perti·
2393 807 2417 842 1

213 876 450 964 nens⁸,
489 901 705 973 quam
737 877 847 947 alii
884 875 1133 948 elaten²
1177 893 1422 948 vocant
1441 931 1462 965 ,
1505 877 1685 972 quod
1722 901 1845 947 nos
1880 876 2160 948 abietem
2183 932 2203 964 ,
2245 881 2354 950 alii

215 981 511 1078 palmam
543 1038 564 1073 ,
613 983 725 1053 alii
776 987 1076 1079 spathen.
1127 983 1474 1052 Laudatur
1517 985 1996 1053 Hammoniaca
2036 987 2357 1072 maxime,

217 1114 380 1160 mox
405 1091 754 1186 AEgyptia,
784 1090 937 1159 dein
969 1091 1266 1184 Syriaca,
1310 1089 1653 1158 dumtaxat
1680 1090 1749 1158 in
1790 1089 1949 1158 locis
1989 1091 2356 1162 sitientibus

221 1195 506 1265 odo-rata
533 1250 552 1282 ‚
598 1197 833 1291 pingui
879 1194 1199 1290 lacryma,
1264 1218 1410 1289 quae
1454 1196 1524 1264 in
1576 1209 1919 1289 unguenta
1966 1194 2234 1266 additur
2274 1196 2360 1266 ad

225 1301 639 1370 domandum
674 1299 896 1371 oleum
915 1287 958 1370 ³.

331 1410 590 1478 LXIII.
615 1409 700 1476 In
724 1409 914 1501 Syria
933 1408 1228 1503 gignitur
1255 1419 1325 1476 et
1350 1405 1731 1476 cinnamum
1746 1458 1765 1491 ‚
1784 1405 1965 1501 quod
1982 1431 2323 1511 camacum
2340 1409 2358 1434 ¹
2404 1425 2427 1474 i

231 1657 343 1698 tum
357 1683 376 1712 ‚
405 1643 502 1698 sed
527 1641 602 1698 ad
621 1659 808 1697 omnes
823 1661 962 1696 usus.
990 1643 1073 1696 Ita
1095 1640 1247 1696 MSS.

232 1743 340 1778 non
367 1728 540 1777 mis.
569 1723 752 1776 Hann.

305 1805 484 1857 LXII.
520 1821 542 1855 ι
554 1841 568 1854 .
597 1802 690 1856 Ad
704 1801 868 1852 eadem
886 1811 1130 1870 unguenta
1144 1820 1256 1872 per-

229 1886 402 1936 tinens.
449 1881 614 1936 Unde
668 1893 998 1952 unguentum
1041 1881 1254 1934 ndrtvov

229 1963 372 2036 apud
403 1963 585 2016 Dione.
621 1959 676 2025 1,
712 1960 806 2023 54.
836 1958 1021 2014 Hsan.

311 2061 367 2095 2.
411 2044 512 2095 Est
537 2052 778 2112 praterea
814 2039 962 2091 arbor
963 2077 1057 2092 .....
1101 2039 1257 2091 elaten

235 2134 438 2186 rocam,
465 2133 576 2175 etc.
601 2119 824 2172 Fallitur
853 2117 1058 2171 Plinius
1075 2118 1256 2171 multi·

227 2202 358 2274 plici
387 2207 478 2262 τῆς
516 2201 697 2259 &cirne
727 2197 1132 2269 significatione.
1160 2199 1256 2250 Est

225 2294 408 2335 autem
420 2281 561 2334 elate
581 2277 653 2332 ad
669 2292 939 2348 unguenta
955 2277 1230 2348 pertinens
1240 2314 1257 2343 ,

227 2363 342 2414 six-e
383 2360 554 2415 σπάθη
593 2357 879 2428 Archigeni
905 2356 1000 2409 lib.
1031 2357 1088 2408 11
1122 2355 1256 2409 κατὰ

227 2443 412 2502 τόπους
430 2480 448 2506 ,
485 2439 694 2510 φοίνικος
721 2433 934 2489 σεὸίνιον
950 2475 969 2501 ,
996 2434 1259 2508 gliscentis

227 2521 426 2590 palma
455 2519 606 2571 floris
632 2515 1002 2581 involucrum,
1031 2529 1082 2570 et
1107 2529 1259 2586 tegu-

227 2613 496 2653 mentum.
555 2599 758 2650 Daue.
801 2627 883 2640 —
923 2595 1038 2648 Alia·
1085 2596 1258 2648 elaten.

229 2680 412 2732 Diosc-
429 2681 478 2743 1,
495 2695 520 2729 1
535 2677 608 2730 50
630 2694 645 2727 t
664 2675 824 2738 Φοίνιξ
839 2714 855 2740 ,
873 2675 930 2732 ἣν
949 2677 1062 2728 ἔνιοι
1085 2675 1258 2730 nime

235 2759 320 2812 ui
367 2757 565 2813 niem
585 2797 604 2820 ,
651 2755 998 2826 περυαίλυμμά
1049 2755 1121 2815 ten
1173 2759 1257 2807 τοῦ

239 2844 426 2909 καρτοῦ
451 2845 552 2890 τᾶν
571 2835 790 2906 φοινίκων
803 2834 964 2904 ἀκμὴν
976 2835 1258 2888 ἀνθούντων.

246 2944 268 2962 -
291 2919 650 2987 Palmaquam
671 2913 916 2967 nonnulli
929 2913 1100 2966 elaten
1120 2903 1262 2982 (hac

241 3015 344 3050 vox
369 2996 574 3050 Latinis
602 3006 657 3048 et
693 2992 894 3046 abactam
921 2985 1129 3062 sonat),
1169 3004 1263 3045 aut

241 3077 464 3148 spatben
500 3073 800 3147 appellant,
832 3072 1036 3126 fructus
1060 3073 1262 3145 palma·

245 3175 366 3209 rum
395 3155 570 3210 adbuc
595 3150 905 3207 florentium
921 3152 1262 3206 involucrum

249 3247 340 3288 est.
359 3261 383 3284 ι
419 3236 551 3288 Hae
580 3235 640 3287 in
665 3234 836 3304 ipsam
869 3250 1082 3303 quoque
1104 3231 1263 3284 arbo·

247 3331 358 3367 rem
375 3315 594 3368 nomina
604 3311 797 3367 cadere
811 3311 1012 3364 Plinius
1021 3309 1230 3382 putavit
1245 3328 1259 3360 ι

253 3405 460 3447 rectene
496 3413 564 3447 an
603 3411 780 3458 secus,
820 3409 888 3443 an
915 3409 1096 3444 errore
1135 3407 1263 3462 pro·

255 3474 394 3544 prio,
414 3493 483 3527 an
509 3492 698 3526 eorum
729 3471 891 3524 etiam
913 3471 1006 3542 qui
1027 3470 1078 3523 ei
1105 3468 1268 3540 prai-

263 3554 420 3606 verint
433 3594 449 3620 ‚
479 3567 711 3608 statuere
731 3547 878 3604 haud
907 3549 1143 3622 proclive
1167 3559 1264 3604 est.

261 3631 394 3696 Quin
406 3633 760 3704 etiarn,quum
771 3627 843 3682 ad
856 3641 1120 3700 unguenta
1131 3628 1265 3698 spis-

257 3710 400 3766 sanda
435 3712 562 3768 addi
599 3713 929 3782 lacrymam,
959 3726 1118 3780 quam
1149 3707 1264 3760 hoc

250 3795 392 3850 arbor
401 3791 632 3849 exsudet
648 3830 666 3856 ‚
687 3787 896 3842 Plinius
907 3785 1072 3852 dicat3
1091 3786 1267 3840 Diosc.

243 3875 302 3930 ad
329 3895 454 3931 eum
492 3891 670 3930 usum
706 3868 766 3922 id
799 3866 1134 3920 involucrum
1171 3865 1264 3919 ad·

235 3957 389 4016 biberi
407 3956 550 4013 velit
565 3975 586 4024 ς
619 3968 742 4007 non
761 3945 1000 4002 eamdem
1017 3945 1262 4002 arborem

368 4061 454 4126 V.

1339 1653 1627 1712 utrumque
1643 1639 1981 1714 descripsisse
1990 1685 2006 1710 ,
2020 1646 2241 1716 planum
2253 1663 2329 1702 est
2341 1670 2358 1716 3

1339 1723 1436 1778 etsi
1462 1721 1601 1773 vires
1625 1722 1681 1772 in
1700 1721 1959 1776 medicina
1982 1727 2195 1798 utrique
2217 1745 2359 1798 quoe-

1341 1798 1465 1853 dam
1494 1799 1694 1853 affines.
1728 1801 1908 1855 ΗΑΒ».
1926 1835 2006 1846 —-
2029 1805 2131 1858 Hic
2155 1806 2359 1878 aliquid

1339 1879 1649 1932 humanitus
1675 1897 1855 1951 passus
1883 1894 1961 1934 est
1996 1884 2231 1950 Plinius;
2260 1906 2396 1956 nec*

1339 1956 1408 2012 de
1440 1959 1695 2030 peculiari
1718 1959 1893 2031 aliqua
1920 1962 2142 2030 arbore,
2164 1964 2255 2019 sed
2289 1965 2359 2020 de

1337 2052 1489 2110 parte
1516 2038 1721 2114 arboris
1745 2039 1933 2110 agitur.
1965 2039 2131 2096 Abies
2150 2081 2167 2109 ,
2194 2045 2238 2096 le
2276 2066 2359 2098 sa-

1331 2121 1423 2188 pin
1440 2157 1456 2183 ,
1496 2116 1693 2170 dicitur
1730 2136 1944 2191 quoque
1974 2121 2124 2174 elate.
2166 2125 2236 2176 At
2264 2126 2355 2178 hic

1337 2216 1448 2250 non
1463 2197 1637 2268 agitur
1660 2194 1730 2251 de
1752 2198 1913 2265 elate,
1944 2218 2061 2272 quae
2084 2202 2229 2256 abies
2251 2217 2355 2272 est;

1338 2276 1433 2330 sed
1458 2289 1519 2330 ut
1556 2295 1621 2330 ex
1659 2277 1900 2331 Dioscor.
1929 2279 1984 2343 Ι,
2027 2281 2134 2334 150
2187 2297 2356 2354 patet,

1339 2358 1540 2430 palma,
1568 2375 1727 2428 quam
1754 2358 1999 2411 nonnulli
2030 2361 2235 2426 elaten,
2266 2377 2359 2416 aut

1340 2436 1567 2507 spathen
1617 2437 1953 2508 appellabant
1970 2475 1987 2504 ‚
2030 2453 2109 2494 est
2149 2441 2359 2497 fructus

1310 2568 1316 2574 ,
1339 2516 1637 2588 palmarum
1666 2513 1973 2570 florentium
2002 2520 2357 2576 involucrum.

1341 2595 1421 2649 Eo
1462 2595 1777 2660 involucrO,
1818 2614 1929 2648 non
1975 2597 2148 2650 abiete
2167 2637 2185 2666 ,
2233 2612 2363 2654 teste

1342 2673 1538 2728 eodem
1549 2674 1863 2728 Dioscoride
1877 2675 2249 2746 spissesoehant
2264 2699 2365 2733 un.

1342 2765 1555 2825 guenta.
1585 2754 1651 2806 In
1686 2751 1870 2806 Indice
1906 2753 2067 2825 hujus
2093 2754 2221 2809 libri
2253 2758 2363 2811 Pli-

1341 2834 1464 2888 nius
1504 2852 1615 2886 non
1654 2844 2037 2887 memoraverat
2076 2835 2303 2890 abietem
2347 2857 2362 2890 :

1342 2911 1473 2966 inde
1502 2913 1661 2966 verba
1692 2912 1813 2978 illa,
1855 2912 1987 2984 quod
2013 2933 2099 2965 nos
2127 2915 2327 2970 abietem
2345 2960 2361 2982 ,

1343 2993 1520 3064 spuria
1549 3011 1659 3046 esse
1675 3005 1829 3065 puto.
1859 2991 1972 3046 Nec
1996 2993 2254 3062 abietem,
2271 2997 2363 3050 sed

1345 3072 1648 3125 Phoenicem
1695 3072 1867 3124 elaten
1921 3088 2181 3128 memorat
2227 3077 2365 3131 infra

1346 3151 1541 3204 Noster
1568 3151 1794 3214 ‚xxlx,
1832 3151 1922 3205 13.
1956 3153 2123 3207 Βιοτ.

1430 3228 1481 3283 3.
1528 3231 1620 3282 Ad
1636 3229 1922 3284 domandum
1952 3232 2121 3294 oleum.
2163 3233 2247 3286 Ad
2280 3255 2365 3289 co-

1345 3308 1607 3380 gendum,
1627 3310 2081 3384 spissandumque.
2100 3314 2267 3367 Ham>

1428 3388 1629 3442 LXIII.
1680 3409 1729 3443 1.
1783 3390 2058 3444 Cumanum.
2093 3392 2175 3444 Ita
2211 3393 2363 3447 MSS.

1347 3471 1481 3540 Reg.
1532 3469 1765 3522 Colbert.
1813 3470 1976 3524 Paris.
2022 3470 2203 3525 chiffl.
2265 3485 2364 3527 etc.

1349 3549 1441 3602 ubi
1479 3566 1717 3620 cury-open
1748 3549 2014 3602 substituit
2038 3547 2365 3606 Hermolaus.

1347 3629 1415 3681 In
1457 3625 1647 3680 Indice
1692 3627 1851 3698 hujus
1894 3628 2049 3694 libri,
2094 3629 2367 3684 Cumanum.

1307 3737 1310 3740 ·
1347 3707 1517 3761 Libro
1536 3707 1662 3760 item
1680 3707 1837 3770 xm,
1854 3727 1907 3773 ω,
1926 3727 2182 3763 comacum.
2204 3711 2371 3764 Paulo

1357 3799 1510 3859 post,
1549 3787 1819 3840 ..Multum
1848 3805 1877 3840 a
1910 3805 2067 3842 succo
2094 3807 2219 3842 vero
2258 3790 2373 3843 cin·

1353 3867 1498 3921 nami
1533 3865 1786 3920 differens
1807 3891 1829 3914 ι
1878 3885 1892 3919 :
1920 3867 2016 3920 ubi
2058 3867 2184 3920 libri
2212 3866 2377 3935 editi,

1357 3972 1380 3994 ι
1403 3948 1630 4000 multum
1656 3964 1688 4001 a
1712 3945 1926 4002 surculo
1964 3947 2076 3999 veri
2100 3971 2124 3994 n
2167 3964 2180 3998 :
2222 3945 2379 4000 MSS.

2096 4065 2135 4135 7
