2850 4684
1025 394 1337 463 LIBER
1387 396 1570 461 XII.
2308 394 2349 465 5

223 548 406 593 mare
433 509 734 593 Ionium³
765 523 836 591 in
858 524 1200 595 Diomedis
1234 526 1515 597 insulam
1550 526 1843 620 ejusdem
1874 526 2107 598 tumuli
2139 531 2350 624 gratia

211 631 506 725 primum
535 632 836 717 invecta,
871 629 1026 699 inde
1055 633 1122 699 in
1153 632 1439 701 Siciliam
1470 646 1875 727 transgressa
1894 686 1913 719 ‚
1950 648 2144 728 atque
2178 637 2349 705 inter

203 737 464 830 primas
497 736 746 805 donata
771 735 1014 824 Italiae,
1049 752 1117 806 et
1144 739 1282 831 jam
1317 738 1400 807 ad
1429 740 1731 807 Morinos
1766 762 1973 832 usque
2001 756 2347 835 pervecta,

199 865 290 909 ac
331 843 758 913 tributarium
803 843 1001 911 etiam
1041 842 1339 915 detinens
1373 844 1589 913 solum
1608 832 1658 931 ⁴,
1693 858 1769 913 ut
1804 860 2031 939 gentes
2066 847 2351 942 vectigal

197 962 276 1015 et
301 972 439 1043 pro
463 948 706 1017 umbra
733 949 1030 1043 pendant
1042 934 1088 1013 ⁵.
1108 952 1469 1045 Dionysius
1496 935 1726 1045 prior⁶,
1742 950 1979 1020 Siciliae
2013 966 2352 1045 tyrannus,
2426 1013 2431 1017 .

195 1056 472 1149 regiam
503 1056 572 1123 in
603 1054 838 1123 urbem
858 1055 882 1095 ⁷
915 1055 1251 1125 transtulit
1277 1082 1388 1126 eas
1409 1111 1429 1145 ,
1462 1056 1702 1126 domus
1738 1044 1895 1126 suae⁸
1920 1057 2313 1128 miraculum
2334 1112 2357 1148 ‚

193 1210 302 1262 lib.
315 1211 460 1274 X,v.
477 1210 834 1280 95.Platanus
849 1210 1023 1264 fontes
1037 1224 1176 1265 amat
1194 1230 1256 1266 ac

195 1289 410 1342 fluvios
426 1309 441 1343 ε
459 1302 651 1361 sponte
669 1290 906 1343 nascitur
925 1290 982 1343 in
1005 1290 1254 1357 Oriente;

197 1369 418 1423 colitur
441 1370 504 1423 in
531 1370 770 1441 Europe
801 1368 1136 1436 meridianis,
1163 1371 1256 1423 ubi

197 1450 262 1501 in
299 1468 558 1521 magnam
601 1463 656 1501 et
697 1450 956 1503 excelsam
1007 1450 1256 1503 arborem

196 1528 524 1600 frequenter
536 1528 816 1593 excrescit;
834 1528 1028 1581 etenim
1047 1546 1109 1581 ex
1123 1548 1258 1582 cras-

199 1608 276 1659 sis
307 1610 432 1679 ejus
473 1608 674 1661 truncis
716 1608 986 1661 naviculas
1029 1608 1260 1681 integras

201 1688 412 1740 confici
435 1706 466 1739 e
481 1686 688 1741 Graecis
703 1728 720 1753 ,
739 1688 836 1757 qui
854 1688 996 1740 Atho
1017 1701 1254 1741 montem

203 1766 487 1833 incolunt,
497 1780 688 1820 auctor
701 1780 779 1821 est
789 1766 1062 1820 Bellonius
1069 1807 1081 1819 .
1092 1766 1257 1832 Quod

203 1846 252 1899 si
293 1844 504 1901 Bodaeo
543 1844 822 1899 credamus
839 1884 856 1912 ,
885 1847 1116 1899 hiemem
1148 1865 1258 1900 non

205 1924 354 1979 adeo
407 1926 743 1997 pertimescit
767 1945 783 1989 ;
841 1927 898 1979 in
951 1925 1257 1997 regionibus

205 2018 418 2071 umen,
431 2007 529 2059 ubi
552 2005 786 2077 asperior
807 2005 925 2058 caeli
946 2006 1253 2075 temperies,

207 2086 286 2137 ita
315 2097 400 2138 est
429 2086 648 2157 [rigoris
675 2084 986 2155 impatiens,
1012 2097 1074 2138 ut
1099 2103 1256 2155 paene

209 2166 476 2219 &utiense
509 2176 756 2228 maneat,
780 2164 1016 2237 foliaque
1053 2165 1261 2217 emittat

211 2258 436 2299 tantum
490 2244 690 2297 triloba
709 2282 730 2309 ‚
775 2262 1005 2315 quorum
1051 2243 1259 2301 laciniae

209 2324 404 2379 minus
439 2324 658 2377 sinuum
681 2337 806 2378 sunt
827 2362 841 2385 ‚
870 2320 1017 2395 quod
1041 2323 1262 2394 jampri-

209 2402 348 2457 dem
379 2403 688 2458 observavit
713 2403 797 2457 Cl.
825 2400 1258 2459 Willdenowius.

211 2484 306 2537 Cf.
327 2486 618 2537 Dauum
631 2522 646 2547 ,
661 2484 712 2535 T
707 2484 834 2535 mite'
843 2486 925 2535 des
939 2480 1142 2545 Arbres,
1157 2494 1258 2535 etc.

211 2576 352 2617 tom.
379 2564 458 2627 11,
479 2582 601 2635 pag.
626 2582 750 2633 ¹70·
777 2564 857 2615 De
881 2562 1028 2615 malis
1047 2562 1261 2633 platano

215 2641 528 2697 inserendis
555 2640 679 2695 vide
705 2661 825 2713 quae
853 2640 1055 2697 dicturi
1079 2659 1262 2695 sumus

213 2722 316 2775 lib.
335 2724 472 2788 XV,
501 2742 619 2793 cap.
641 2740 730 2793 17.
766 2724 872 2776 En.

104 2841 119 2855 .
305 2802 360 2856 3.
385 2803 534 2857 Mam
545 2802 752 2855 Ionium.
770 2800 988 2855 Ionium
1004 2800 1254 2871 appellat,

221 2896 284 2935 ut
309 2882 418 2936 lib.
444 2883 560 2947 111,
587 2901 704 2953 cap.
739 2888 837 2948 14,
871 2878 1018 2953 quod
1043 2878 1257 2932 Italiam

221 2962 295 3015 ab
315 2962 522 3033 Apulia
537 2963 786 3034 usquein
811 2960 1150 3032 Pachynum,
1177 2958 1259 3011 Si-

227 3042 370 3095 cili·
389 3042 843 3113 promontorium,
866 3036 1255 3109 circumcingit.

227 3123 313 3174 De
339 3116 446 3175 hoc
477 3122 612 3175 mari
641 3120 800 3173 Ionio
828 3120 978 3190 Virg.
1005 3118 1254 3189 Geor-gie.

231 3202 322 3265 11,
363 3204 468 3257 108
500 3219 514 3255 ε
561 3223 584 3245 ε
605 3202 780 3255 Nosse
819 3210 952 3271 quot
990 3198 1133 3251 Ionii
1167 3214 1258 3249 ve-

1327 1224 1441 1265 tum
1468 1230 1571 1283 pro
1600 1214 1713 1265 solo
1730 1251 1747 1278 ,
1778 1212 1871 1265 sed
1907 1212 2065 1266 etiam
2091 1232 2193 1285 pro
2224 1215 2351 1267 caelo

1324 1304 1376 1345 et
1418 1310 1571 1356 aere,
1619 1292 1843 1362 vectigal
1894 1304 2144 1346 exactum
2189 1294 2350 1346 fuisse

1325 1370 1493 1424 tradit
1526 1390 1557 1424 a
1596 1372 1857 1425 Michaele
1884 1372 2223 1443 Paphlagone
2250 1374 2351 1425 im·

1324 1462 1590 1521 peratore.
1618 1452 1820 1504 Daue.
1840 1483 1919 1494 —
1934 1452 2167 1505 Detinens
2180 1454 2349 1505 solum.

1323 1531 1407 1583 Ita
1433 1530 1583 1583 MSS.
1606 1548 1719 1582 non
1732 1532 1991 1601 pertinens.
2018 1534 2167 1584 Inter
2196 1532 2352 1587 silvas

1325 1628 1445 1663 suas
1482 1608 1682 1663 Morini
1717 1610 2029 1680 platanonas
2058 1611 2349 1678 habebant,

1324 1707 1423 1759 pro
1460 1689 1655 1759 quibus
1681 1688 1905 1765 vectigal
1932 1691 2135 1760 populo
2172 1709 2351 1746 romu·

1321 1786 1395 1822 no
1425 1766 1751 1839 pendebant.
1772 1767 2013 1823 Solarium
2042 1767 2101 1822 id
2128 1772 2353 1842 vectiga-

1323 1847 1390 1900 lis
1417 1866 1583 1917 genus
1620 1845 1901 1904 Pandectoe
1944 1862 2165 1914 vocant,
2201 1849 2351 1920 quod

1323 1944 1424 1997 pro
1446 1926 1559 1979 solo
1585 1925 1851 1997 penditur.
1870 1928 2055 1983 Ham).

1409 2004 1461 2059 5.
1489 2006 1567 2059 Et
1582 2024 1679 2077 pro
1708 2005 1890 2057 umbe-a.
1924 2006 2033 2060 Pro
2068 2007 2351 2063 arboribus

1324 2085 1523 2159 alioqui
1551 2085 1908 2157 infrugiferis,
1948 2104 2011 2143 ac
2048 2086 2211 2141 solius
2238 2104 2355 2140 um·

1325 2166 1435 2219 hrae
1460 2164 1723 2219 beneficio
1754 2163 2217 2231 commendandis,
2248 2186 2349 2238 pro

1325 2264 1430 2317 qua
1460 2246 1619 2301 etiam
1655 2246 1878 2317 vectigal
1908 2245 2142 2315 pendere
2169 2259 2351 2317 gentes

1327 2338 1659 2395 cogerentur.
1695 2326 1855 2377 Hunc
1893 2324 2074 2377 locum
2105 2325 2353 2397 Cujaciut

1325 2403 1384 2459 in
1408 2404 1705 2459 Observatt.
1723 2417 2046 2475 praepostera
2084 2404 2354 2477 interpre-

1328 2482 1528 2537 tatione
1548 2484 1863 2556 corrumpit.
1892 2484 2073 2539 Ham.

1411 2566 1467 2616 6.
1491 2564 1758 2636 Dionysius
1787 2566 1943 2633 prior.
1974 2564 2091 2616 Hoc
2124 2574 2233 2624 est,
2264 2582 2358 2617 an·
2412 2580 2417 2583 ·

1327 2642 1552 2713 tiquior,
1572 2646 1595 2695 ὁ
1616 2638 1956 2713 πρεσὲύτιρος.
1979 2643 2109 2695 Haec
2132 2640 2357 2703 totidem

1329 2721 1441 2775 sere
1480 2722 1659 2774 verbis
1690 2722 2093 2791 Theophrastus
2108 2758 2125 2785 ,
2155 2721 2353 2774 Hister.

1328 2800 1503 2853 Plant.
1533 2800 1632 2855 lib.
1662 2800 1767 2873 IV,
1796 2818 1915 2871 cap.
1944 2818 2000 2872 7.
2030 2800 2209 2873 ῌΑιυ.

1410 2900 1464 2951 7.
1499 2880 1701 2949 Regiam
1718 2882 1769 2932 in
1788 2880 1967 2935 urbem.
1994 2880 2075 2935 Ita
2102 2880 2239 2935 bene
2267 2898 2357 2937 co.-

1328 2957 1431 3013 dex
1457 2962 1589 3031 Reg.
1618 2980 1646 3013 a
1664 2973 1717 3015 et
1734 2958 1859 3015 edit.
1880 2959 2148 3031 princeps.
2176 2959 2241 3011 In
2266 2978 2357 3013 co-

1327 3037 1447 3095 dice
1460 3040 1593 3110 Reg.
1617 3058 1641 3092 ι
1662 3042 1865 3108 regium,-
1882 3037 2029 3101 inde,
2046 3051 2099 3091 et
2112 3058 2177 3091 ex
2194 3057 2357 3109 prava

1328 3118 1685 3189 Theophrasti
1710 3119 1815 3183 IV,
1836 3138 1889 3188 7,
1912 3118 2357 3190 interpretatione

1326 3198 1512 3264 latina,
1535 3196 1673 3249 male
1692 3196 2025 3251 emendatum
2046 3198 2285 3267 Rhegium
2308 3201 2360 3249 in

233 3282 380 3335 uiant
416 3280 484 3335 ad
517 3282 708 3335 littora
733 3276 944 3335 fluctus.
969 3302 992 3323 ι
1025 3277 1077 3333 N
1081 3295 1153 3330 on
1191 3274 1260 3330 ab
1331 3277 1509 3330 urbem.
1546 3276 1707 3347 Regia
1754 3277 1997 3347 Dionysii
2036 3274 2227 3329 domus
2256 3278 2360 3330 fuit

235 3360 450 3417 Ionibus
473 3374 652 3415 tamen
679 3376 878 3413 nomen
904 3356 1082 3423 habet,
1096 3356 1257 3427 quip-
1343 3356 1636 3429 Syracusis.
1656 3357 1823 3409 Bnor.
2346 3407 2355 3416 ,

233 3460 299 3513 pe
329 3444 422 3515 qui
457 3442 591 3497 binc
618 3439 818 3513 procul
841 3437 1033 3490 absunt
1050 3474 1066 3499 ,
1091 3432 1256 3489 et'sui
1428 3438 1479 3490 8.
1518 3436 1701 3487 Domus
1725 3455 1825 3489 suae
1856 3436 2151 3487 miraculum.
2190 3435 2271 3489 Ita
2299 3436 2365 3490 li·

231 3522 450 3578 nominis
505 3520 874 3595 penultimam
925 3514 1256 3587 producunt,
1344 3516 1429 3568 bri
1450 3533 1649 3568 omnes.
1668 3515 1781 3568 Nec
1795 3513 1912 3568 cod.
1930 3514 2070 3569 ullus
2091 3516 2249 3581 favet,
2268 3534 2367 3573 nec

225 3594 370 3669 fang.
399 3604 594 3659 Eum.
621 3632 708 3643 -—
747 3596 994 3649 Diomedis
1037 3595 1257 3649 insulam.
1345 3593 1486 3649 ratio
1500 3595 1634 3664 ipsa,
1662 3594 1894 3647 Pintiani
1914 3596 2369 3667 conjecturae,qui

219 3690 294 3745 De
313 3682 625 3743 Diomeden
673 3676 852 3731 insula
897 3669 994 3737 (fle
1025 3666 1258 3743 Tremitc')
1349 3674 1650 3735 substituit,
1694 3674 1857 3726 domui
1889 3693 1991 3727 suoe
2028 3675 2369 3735 umbraculum.

213 3769 450 3845 'adquin
469 3764 636 3821 dicta
659 3767 795 3811 sunt
809 3754 902 3808 lib.
919 3755 1146 3825 111,cap.
1171 3754 1260 3807 30.
1353 3756 1535 3807 Hsan.
1568 3784 1650 3796 —
1688 3752 2025 3827 Gymnasium.
2062 3754 2151 3807 Sic
2195 3754 2374 3808 Theo-

211 3856 279 3915 (ΖΕ
295 3853 454 3911 etiam
470 3843 636 3901 Ptin.
655 3836 758 3890 lib.
773 3834 848 3899 X,
859 3853 976 3905 cap.
997 3836 1065 3885 61
1078 3874 1090 3886 .
1115 3834 1219 3887 En.
1352 3832 1553 3905 phi-ast.
1576 3832 1682 3886 loc.
1700 3834 1789 3897 cit.
1812 3836 1858 3886 iv
1886 3840 1958 3909 τῇ
1990 3830 2305 3905 παραὸιίσῳ,
2324 3836 2377 3888 αἶ

273 3944 319 4003 4,
337 3932 440 3991 Ad
466 3918 817 3979 tributarium
842 3912 1057 3967 detinens
1093 3912 1263 3967 solum.
1356 3914 1448 3965 ιίσι
1486 3918 1564 3967 νῦν
1615 3914 1662 3965 ἰν
1700 3920 1773 3984 τῷ
1815 3914 2091 3983 γυμνασίῳ.
2124 3913 2382 3968 Successit

205 4005 658 4083 Bumenopulus
687 4014 793 4051 suo
811 3994 1000 4048 saeculo
1021 4010 1132 4045 non
1148 4004 1264 4047 tan-
1353 3992 1517 4065 igitur
1544 3990 1717 4045 hortis
1752 3992 2089 4065 gymnasium
2110 4030 2127 4054 ,
2156 3992 2265 4043 sive
2288 4009 2384 4061 pn-

2060 4084 2125 4167 1³
