2850 4684
984 384 1295 453 LIBER
1356 383 1581 452 XIII.

2194 410 2340 483 207

230 515 421 584 tradit
456 518 535 585 L.
575 517 731 585 Piso
760 500 811 539 ²⁶
854 516 1185 585 censorius
1228 516 1447 609 primo
1499 516 2118 585 commentariorum
2165 542 2181 585 ε
2234 518 2350 587 sed

230 620 433 689 libros
454 634 711 715 septem
734 620 783 660 ¹⁷
814 622 983 715 juris
1012 620 1369 714 pontificii,
1392 606 1857 714 totidemque¹⁸
1887 622 2353 717 Pythagoricos

232 727 449 795 finisse:
478 728 857 796 Tuditanus
886 726 1142 796 decimo
1166 726 1391 812 tertie,
1413 726 1650 795 Numae
1669 726 2084 795 decretorum
2111 728 2347 800 fuisse:

231 834 361 925 ipse
403 834 629 901 Varro
678 836 1141 902 Humanarum
1194 832 1658 925 antiquitatum
1712 846 1929 918 sexto,
1972 833 2202 902 Antias
2243 858 2351 903 se-

230 937 445 1007 cundo
474 990 497 1025 ‚
540 937 713 1007 duos
755 936 1163 1032 pontificales
1206 938 1478 1007 Latinos
1500 990 1520 1023 ‚
1565 937 1837 1007 totidem
1877 939 2144 1008 Graecos
2186 964 2354 1033 prae-

228 1058 417 1137 cepta
453 1042 895 1139 philosophiae
934 1045 1366 1113 continentes.
1418 1040 1666 1113 Idem¹⁹
1725 1044 1920 1112 tertio
1956 1046 2180 1138 ponit,
2220 1069 2354 1138 quo
2392 1054 2423 1106 3

230 1149 531 1217 comburi
568 1174 683 1218 eos
719 1148 1057 1244 placuerit.
1104 1151 1289 1217 Inter
1331 1174 1560 1217 omnes
1589 1172 1751 1218 vero
1789 1151 2100 1219 convenit
2134 1149 2355 1243 Sibyl-
2445 1238 2454 1245 ·

230 1252 355 1323 lam
380 1252 433 1279 ²⁰
469 1253 559 1323 ad
594 1255 1029 1349 Tarquinium
1053 1252 1100 1279 ²¹
1143 1254 1516 1349 Superbum
1555 1269 1687 1324 tres
1724 1252 1988 1323 libros²²
2023 1254 2356 1326 attulisse:

226 1435 533 1490 advertisset
556 1476 574 1503 ,
632 1438 884 1509 pleraque
930 1438 1247 1509 religionum

228 1514 682 1569 dissolvendarum
712 1534 838 1570 esse.
860 1518 1068 1569 lems.

312 1598 401 1648 ιδ.
427 1596 493 1649 L.
510 1597 647 1649 Piso.
677 1595 819 1647 Vide
838 1599 1127 1651 Auctorum
1154 1596 1249 1649 Iu·

230 1673 417 1749 dicem.
440 1675 509 1727 In
530 1674 683 1729 libris
705 1675 925 1745 vulgatis
950 1694 1247 1746 perperam,

234 1754 297 1805 C.
316 1754 455 1805 Piso.
474 1754 661 1808 Eun.

313 1849 337 1883 1
348 1852 401 1898 7.
419 1832 597 1883 Libe-os
613 1842 802 1903 septem.
814 1834 1033 1887 Latinos
1056 1852 1250 1905 nempe

234 1908 299 1963 de
340 1914 464 1980 jure
517 1912 842 1965 Pontificum
868 1950 882 1975 ,
924 1911 1251 1984 totidemque

236 1990 445 2043 Grecos
465 1989 535 2042 de
561 1988 841 2062 disciplina
865 1991 1135 2061 sapientiai
1151 2031 1168 2058 ,
1191 2004 1253 2047 ut

234 2068 303 2122 ait
320 2070 441 2122 val.
468 2070 615 2121 Max.
646 2071 685 2124 l.
713 2088 763 2122 e.
786 2069 963 2123 Han.

316 2150 405 2203 18.
432 2148 762 2221 Tondet-que.
782 2148 1010 2202 Groecos.
1025 2149 1254 2203 Pinn-

236 2244 352 2279 ιω.
392 2250 479 2263 —
516 2229 882 2298 Pythagoricos.
943 2229 1079 2281 Nam
1128 2248 1249 2282 eum

232 2306 547 2377 Pythagora
570 2306 869 2361 auditorem
896 2306 1053 2361 fuisse
1072 2348 1089 2379 ‚
1114 2308 1251 2365 fama

234 2386 527 2455 vulgatum.
558 2388 697 2438 Du..

315 2483 409 2534 19.
440 2465 593 2517 Idem.
624 2464 831 2536 Nempe
858 2465 1103 2518 Valerius
1140 2466 1252 2519 An·

232 2543 349 2595 tias.
374 2546 453 2596 De
472 2544 559 2598 his
580 2544 927 2616 scriptoribus
948 2542 1179 2598 diximus
1196 2546 1252 2599 in

202 2622 213 2633 ‘
234 2623 530 2675 Auctor-um
544 2621 746 2677 Indice.
769 2624 881 2693 Quo
895 2624 1104 2676 comburi
1121 2625 1254 2690 ,hoe

234 2714 345 2765 est,
365 2720 473 2773 qua
498 2720 667 2755 eausa.
695 2704 877 2755 Hsnn.

320 2800 409 2833 ao.
452 2780 704 2841 SIbrllam.
768 2782 1061 2836 Cumanam
1106 2794 1258 2835 vocat

234 2858 405 2913 Solin.
450 2878 567 2931 cap.
594 2879 668 2926 11,
702 2880 761 2932 p.
794 2866 883 2922 14.
910 2861 1084 2913 Varro
1114 2860 1255 2931 apud

235 2940 485 2993 Servium
538 2940 892 3011 Erythraeam.
948 2940 1017 2993 Et
1074 2940 1255 2995 Cumis

234 3018 561 3091 Erytbroeam
571 3020 819 3073 vaticinia
834 3016 1058 3073 edidisse
1069 3032 1255 3073 auctor

237 3110 313 3150 est
336 3098 663 3153 Aristoteles.
701 3097 881 3151 Hsan.

318 3195 413 3229 ιιι.
444 3178 539 3229 Ad
576 3180 916 3249 Tarquinium,
964 3189 1063 3231 etc.
1104 3178 1253 3231 Lact.

240 3274 299 3309 ex
328 3257 485 3309 Vax-r.
516 3256 661 3309 lib.1
700 3256 931 3309 Institut.
952 3274 1069 3327 cap.
1102 3260 1135 3308 6
1155 3296 1170 3321 ,
1206 3270 1260 3309 et

240 3332 425 3387 Suidas
462 3336 817 3409 Tarquinium
861 3354 983 3389 eum
1016 3336 1257 3389 Priscum

240 3414 397 3466 fuisse
417 3414 665 3485 quintum
695 3416 1054 3467 Romanorum
1078 3434 1258 3487 regem

240 3492 613 3562 prodiderunt.
638 3492 813 3546 Iidem
843 3512 963 3547 cum
1002 3494 1259 3565 Dionysio

242 3572 665 3637 Halicarnassm,
694 3573 789 3625 lib.
818 3574 917 3638 IV,
960 3586 1013 3625 et
1049 3574 1257 3637 Gellio,

244 3669 353 3720 cap.
375 3648 501 3721 ἀρ,
546 3654 791 3706 scribunt
849 3670 1039 3704 novem
1093 3652 1259 3705 libros

243 3730 440 3793 allatos,
483 3751 547 3785 ex
586 3732 785 3803 quibus
821 3749 909 3784 sex
953 3731 1261 3785 cremaverit

242 3810 431 3880 Sibylla
446 3850 465 3873 ,
484 3812 729 3882 reliquos
754 3822 859 3863 tres
882 3830 971 3864 rex
1002 3822 1259 3881 mercatus

242 3890 317 3941 sit.
338 3890 445 3943 Eos
462 3892 635 3943 libros
664 3890 721 3941 iu
747 3890 1009 3960 Capitolio
1028 3890 1259 3943 custodi·

242 3982 315 4021 tos
352 3988 523 4041 quum
578 3969 673 4022 Dii
714 3968 1033 4025 immortales
1074 3988 1259 4023 consu-

1335 1436 1483 1491 lendi
1547 1426 1747 1503 essent,
1823 1436 2042 1493 adibant
2121 1441 2356 1512 primum

1336 1517 1641 1581 duumviri,
1680 1529 1804 1589 post
1831 1528 2008 1572 autem
2035 1516 2322 1573 decemviri
2343 1560 2360 1587 ‚

1336 1593 1530 1651 deinde
1552 1594 1979 1667 quindecimviri,
2009 1615 2070 1650 ac
2093 1612 2358 1669 postremo

1335 1676 1633 1746 sexaginta,
1667 1675 1885 1730 nomine
1924 1688 2102 1729 tamen
2141 1678 2360 1748 quinde-

1336 1754 1701 1817 cimvir-orum,
1719 1773 1911 1826 eosque
1936 1773 2044 1808 non
2073 1756 2360 1829 Sibyllinos

1338 1844 1574 1897 tantum,
1608 1830 1702 1884 sed
1738 1846 1788 1888 et
1827 1834 2007 1887 fatales
2045 1846 2099 1887 et
2125 1834 2360 1891 fatidicos

1338 1911 1751 1983 appellaverunt.
1797 1912 1976 1965 Livius
1993 1946 2009 1974 ‚
2072 1914 2360 1987 Dionysius

1338 1989 1762 2043 Halicarnasseus
1783 2029 1800 2055 ,
1841 1991 2024 2046 Valer.
2067 1992 2358 2061 Maximus,

1336 2068 1668 2129 Macrobius,
1709 2070 1997 2123 Fenestella
2013 2112 2030 2135 ‚
2061 2071 2362 2128 Alexander

1335 2149 1406 2203 ab
1435 2148 1592 2201 Alex.
1615 2148 1710 2201 lib.
1739 2150 1855 2216 111,
1886 2168 2002 2220 cap.
2033 2156 2118 2204 ιδ.
2153 2153 2355 2207 Daue.

1336 2258 1409 2269 -
1436 2226 1712 2297 Superbum.
1761 2230 1842 2282 Ita
1878 2230 2040 2283 Dion.
2088 2230 2354 2286 Halicarn.

1338 2306 1518 2378 Antiq.
1547 2306 1702 2359 Rom.
1728 2307 1827 2360 lib.
1854 2308 1958 2372 lv,
1991 2328 2110 2381 pag.
2141 2310 2250 2379 259
2269 2350 2284 2376 ,
2304 2322 2358 2365 et

1340 2385 1481 2439 Geli.
1509 2385 1604 2439 lib.
1637 2388 1686 2450 Ι,
1712 2405 1830 2457 cap.
1859 2406 1926 2457 19
1945 2426 1961 2452 ,
2009 2406 2126 2459 pag.
2155 2388 2245 2443 83.
2287 2392 2358 2444 At

1340 2463 1514 2517 Varro
1554 2464 1694 2535 apud
1723 2466 1962 2518 lactant.
1988 2467 2083 2520 lib.
2109 2468 2167 2530 I,
2210 2486 2255 2520 c.
2287 2472 2356 2535 6,

1340 2542 1528 2597 Suidas
1546 2582 1561 2607 ,
1589 2545 1782 2614 aliique
1797 2581 1814 2609 ,
1839 2542 1896 2596 id
1923 2545 2216 2615 Tarquinio
2241 2546 2358 2599 Pri-

1339 2640 1428 2675 sco
1450 2624 1646 2675 factum
1677 2620 1993 2691 adjudicant.
2019 2624 2163 2687 Quin
2187 2624 2354 2677 Solin.

1339 2701 1452 2771 ipse
1476 2718 1714 2773 quoque,
1740 2701 1775 2753 1.
1798 2720 1846 2753 c.
1870 2702 2106 2771 quamvis
2124 2718 2186 2753 ex
2217 2702 2354 2755 Plin.

1339 2779 1642 2850 Superbum
1667 2790 1836 2844 vocet,
1855 2796 2020 2850 quum
2049 2792 2220 2833 tamen
2242 2798 2356 2835 rem

1340 2873 1536 2931 gestam
1559 2876 1670 2912 esse
1697 2872 1872 2911 narret
1899 2856 2115 2930 Olymp.
2146 2859 2217 2924 L,
2240 2860 2370 2929 Pri-0

1340 2956 1488 2991 scum
1535 2938 1756 2991 omnino
1801 2936 2008 2992 videtur
2046 2938 2355 3011 intelligere.

1340 3018 1546 3069 'Verum
1567 3034 1598 3069 a
1626 3016 1800 3069 Plinio
1828 3029 2068 3087 tempora
2086 3020 2359 3072 accuratis-

1341 3096 1473 3149 sime
1498 3095 1792 3167 designari,
1821 3096 2056 3167 plurima
2091 3098 2248 3151 nobis
2281 3117 2360 3153 ar-

1340 3188 1592 3247 gumenta
1642 3174 1880 3229 suadent.
1940 3177 2124 3248 Neque
2171 3196 2357 3232 eorum

1342 3258 1658 3325 conjectura
1700 3254 2109 3321 subscribimus,
2156 3258 2254 3328 qui
2296 3272 2360 3311 nt

1340 3346 1637 3406 pugnantes
1665 3335 1803 3387 inter
1830 3337 1884 3387 'se
1915 3336 2194 3406 scriptores
2231 3356 2360 3390 con·

1341 3415 1544 3475 cilient,
1573 3412 1802 3467 inditum
1825 3414 1983 3467 fuisse
2005 3418 2214 3487 utrique
2224 3418 2361 3469 Tar-

1343 3494 1528 3565 quinio
1565 3492 1791 3564 Superbi
1829 3512 2122 3565 cognomen
2163 3497 2360 3567 absque

1346 3573 1460 3646 ullo
1487 3584 1699 3625 auctore
1727 3583 1818 3625 aut
1847 3586 1976 3626 teste
1999 3575 2220 3644 antiquo
2257 3576 2360 3627 fin-

1343 3664 1492 3723 gunt.
1542 3653 1720 3705 Potuit
1773 3654 1973 3723 Sibylla
2006 3654 2358 3723 Tarquinium

1346 3744 1632 3802 utrumque
1671 3730 1884 3789 vidisse,
1927 3744 1981 3786 et
2008 3732 2242 3785 Priscum
2261 3770 2276 3795 ,
2308 3746 2362 3786 et

1346 3810 1662 3882 Superbum.
1674 3810 1816 3865 Vide
1838 3811 1973 3864 Ptin.
1995 3812 2086 3864 lib.
2101 3812 2358 3871 XXXIV,

1346 3909 1462 3962 cap.
1496 3908 1518 3942 1
1537 3907 1585 3942 1.
1611 3892 1790 3944 lium.

1432 3989 1520 4023 υ.
1547 3970 1664 4021 Tres
1693 3970 1858 4021 libros.
1885 3970 2009 4021 Haec
2037 3968 2192 4037 paulo
2216 3967 2364 4021 aliter
