2850 4684
506 406 659 496 486
1030 409 1106 476 C.
1164 407 1507 476 PLINll
1563 404 1782 473 NAT.
1841 405 2090 474 HlsT.

500 542 825 636 gentium,
858 539 1053 607 etiam
1092 561 1259 631 pace
1288 536 1720 632 gaudentium
1757 549 2036 604 constat.
2073 535 2358 604 Necnon
2397 552 2468 606 et
2495 540 2625 608 ino-

502 649 608 741 pia
638 645 903 738 frugum
930 643 1235 713 arefactis
1266 642 1538 712 molitur
1575 641 1822 726 farina,
1863 643 2312 736 spissaturque
2347 645 2418 710 in
2446 647 2626 736 panis

499 777 714 822 usum.
752 751 934 840 Quin
966 764 1035 820 et
1070 749 1397 843 hodieque
1431 774 1551 843 per
1585 745 2009 842 Hispanias,
2045 748 2352 818 secundis
2387 753 2626 820 mensis

500 857 687 954 glans
724 858 1051 926 inseritur.
1094 855 1373 926 Dulcior
1406 847 1638 924 eadem
1687 856 1754 921 in
1809 855 2030 922 cinere
2079 868 2272 923 tosta.
2331 857 2622 924 Cautum

498 977 601 1034 est
626 976 985 1057 praeterea,
1008 961 1155 1056 lege
1188 985 1293 1032 111
1327 945 1763 1037 tabularumffi
1799 973 1877 1028 ut
1904 957 2256 1054 glandem
2235 985 2306 1028 in
2337 959 2623 1030 alienum

502 1069 781 1140 fundum
840 1068 1294 1162 procidentem
1362 1067 1588 1138 liceret
1655 1065 1984 1160 colligere.
2053 1069 2318 1138 Genera
2397 1091 2624 1136 earum

490 1173 731 1271 multa.
782 1175 1050 1244 Distant
1088 1173 1346 1261 fructu,
1388 1174 1551 1261 situ,
1593 1195 1786 1256 sexu,
1821 1160 2114 1266 sapore&
2157 1174 2469 1266 Namque
2508 1171 2628 1242 alia

506 1280 709 1376 fageae
762 1279 985 1374 glandi
1026 1279 1278 1374 figura,
1323 1278 1474 1355 alia
1492 1301 1804 1373 quernae,
1841 1293 1908 1347 et
1951 1277 2080 1346 alia
2121 1277 2393 1372 ilignae:
2433 1294 2628 1372 atque

506 1388 678 1456 inter
696 1411 769 1456 se
788 1409 1053 1480 quoque
1080 1410 1395 1480 generum
1422 1383 1828 1479 singulorum
1862 1383 2268 1453 differentia.
2305 1387 2632 1453 Praeterea

506 1507 661 1564 sunt
700 1490 931 1585 aliquae
964 1491 1327 1576 silvestreS‚
1368 1489 1510 1560 aliae
1554 1489 1974 1585 placidioreS,
2031 1515 2178 1584 quae
2226 1489 2406 1559 culta
2453 1491 2628 1560 obti-

508 1613 685 1668 nent.
730 1602 877 1668 Jam
922 1599 1120 1667 etiam
1166 1599 1233 1666 in
1282 1599 1647 1666 montuosis
1665 1649 1683 1681 ‚
1737 1595 2077 1690 planisque
2117 1595 2364 1666 distant
2399 1623 2416 1664 ε
2463 1599 2632 1666 sicut

508 1720 771 1776 et·sexu
808 1726 1025 1773 mares
1073 1727 1153 1772 ac
1186 1702 1494 1771 feminae:
1535 1703 1690 1770 item
1737 1725 1988 1795 sapore.
2037 1701 2440 1771 Dulcissima
2487 1729 2626 1771 om-

510 1812 693 1878 nium
724 1809 857 1904 fagi
876 1862 895 1894 ‚
934 1823 1011 1878 ut
1034 1834 1169 1903 qua
1192 1807 1494 1878 obsessos
1527 1809 1726 1876 etiam
1761 1808 2062 1877 homines
2095 1808 2423 1877 durasse
2405 1833 2474 1876 in
2513 1835 2629 1903 op-

510 1915 666 2010 pido
725 1915 897 1986 Chio
956 1915 1173 1984 tradat
1224 1913 1574 1984 Cornelius
1625 1912 2016 1983 Alexander.
2077 1917 2342 1982 Genera
2391 1914 2630 1984 distin-

510 2007 753 2114 guere⁵
789 2045 923 2089 non
956 2020 1153 2089 datur
1184 2021 1596 2105 nominibus,
1636 2043 1782 2114 quae
1820 2034 1974 2088 sunt
1999 2017 2124 2088 alia
2150 2019 2320 2088 alibi.
2348 2021 2634 2116 Quippe

508 2149 714 2218 quum
749 2125 957 2194 robur
984 2149 1436 2220 quercumque
1465 2125 1666 2218 vulgo
1707 2127 1890 2194 nasci
1929 2125 2309 2210 videamuS,
2335 2127 2632 2196 esculum

509 2255 645 2299 non
686 2229 949 2323 ubique.
988 2233 1313 2322 Quartam
1353 2256 1513 2298 vero
1555 2233 1811 2324 generis
1845 2231 2140 2324 ejusdem
2163 2283 2183 2316 ‚
2217 2257 2366 2326 quae
2406 2259 2638 2303 cerrus

508 2350 821 2418 vocatur,
866 2359 951 2404 ne
990 2333 1195 2404 ltaliae
1230 2335 1498 2430 quidem
1541 2337 1792 2430 majore
1839 2361 1922 2405 ex
1967 2351 2153 2431 parte
2192 2353 2422 2407 notam
2472 2365 2634 2408 esse.

508 2443 1009 2536 Distinguemus
1066 2465 1227 2536 ergo
1279 2445 1684 2536 proprietate
1704 2496 1723 2531 ,
1772 2459 2140 2538 naturaque
2178 2469 2194 2509 ε
2241 2458 2308 2512 et
2364 2445 2482 2514 ubi
2529 2471 2636 2514 res

508 2563 741 2643 coget,
784 2548 982 2617 etiam
1021 2550 1249 2642 graecis
1290 2549 1686 2618 nominibus.

593 2723 757 2776 ’.Ρω-
778 2721 1061 2793 Hispanias,
1090 2721 1306 2773 secundis
1324 2726 1524 2785 mensis,
1613 2739 1907 2793 quercuum
1945 2720 2224 2790 generibus
2245 2759 2262 2784 ‚
2301 2723 2640 2776 nominibus·

508 2815 608 2856 etc.
628 2803 694 2856 In
711 2802 899 2856 Boetica
919 2839 933 2860 .
964 2801 1308 2854 l’Andalousie
1322 2839 1339 2864 ‚
1366 2803 1528 2854 maxi·
1614 2818 1735 2871 que.
1763 2798 2044 2870 Nos,quid
2063 2800 2372 2866 sentiamus,
2401 2803 2642 2856 breviter

510 2900 596 2936 me
616 2883 847 2937 nascitur
884 2881 1029 2952 glans
1054 2881 1142 2933 illa
1176 2879 1375 2946 dulcis,
1408 2901 1527 2952 qrae
1615 2879 1832 2932 interim
1877 2880 2160 2950 aperimus.
2217 2881 2404 2934 Robur
2443 2882 2634 2934 Theo-

507 2979 605 3035 per
648 2975 813 3016 totam
852 2960 1156 3034 Hispaniam
1197 2961 1528 3032 magnatibus
1611 2960 1829 3029 phrasto
1855 2953 1973 3029 δρῦς
2003 2961 2148 3030 ἀγρία.
2173 2973 2278 3021 est,
2328 2978 2426 3014 nec
2471 2961 2636 3015 habet

508 3039 652 3093 dono
702 3039 948 3093 mittitur.
989 3037 1267 3112 Hodieque
1319 3041 1526 3094 venales
1613 3038 1666 3092 in
1711 3037 1894 3108 gallica
1925 3039 2100 3109 lingua
2121 3057 2467 3094 nomentnec
2495 3059 2640 3094 rece·

506 3117 835 3171 Salmantica
855 3131 907 3171 et
927 3117 1053 3170 alibi
1082 3119 1307 3172 Octobri
1343 3137 1521 3173 mense
1608 3132 1759 3190 ptum
1785 3136 1885 3170 usu
1909 3130 1988 3170 est
2005 3157 2021 3182 ,
2053 3117 2196 3191 quod
2213 3117 2436 3189 quidam
2461 3120 2633 3173 incul-

504 3208 1043 3269 proponuntnr‚teste
1061 3197 1181 3250 Car.
1198 3199 1397 3252 Clusio.
1412 3201 1516 3252 En.
1608 3209 1754 3261 cant,
1795 3198 1841 3247 Ie
1885 3217 2040 3252 mure.
2095 3199 2360 3264 Quercus,
2415 3202 2447 3256 ἡ
2485 3203 2632 3270 φηγὸς

584 3277 775 3346 &Lege
792 3276 857 3328 Χ
855 3277 917 3328 II
928 3275 1216 3331 tabularum.
1233 3277 1517 3333 Ravardus
1607 3275 1982 3345 Theophrasto
2006 3310 2021 3336 ‚
2061 3279 2106 3330 le
2139 3277 2309 3346 gmnd
2341 3279 2502 3332 che‘m.
2533 3279 2632 3331 Fa·

502 3355 558 3408 in
585 3355 701 3426 lege
740 3355 849 3408 ΧΠ
886 3354 1180 3409 tabularum
1200 3395 1213 3418 ‚
1258 3375 1371 3426 cap.
1424 3363 1514 3411 26.
1604 3375 1701 3426 gus
1725 3355 2030 3408 Iatinon-um
2048 3395 2062 3418 ‚
2093 3355 2469 3429 Theophrasto
2501 3361 2632 3429 αἰγί·

582 3440 636 3498 4.
664 3433 988 3502 Βίει.[ι·ηοτιι.
1008 3432 1234 3489 Fructu:
1258 3435 1520 3490 silvestres
1603 3436 1707 3505 λωψ
1725 3473 1740 3500 ,
1755 3436 1798 3486 le
1811 3435 1940 3488 lettre
1953 3475 1968 3502 ,
1990 3455 2060 3488 ou
2076 3438 2121 3488 le
2127 3437 2354 3502 fouteau.
2371 3437 2626 3500 Esculus,

498 3515 640 3567 enim
682 3513 796 3566 alio
831 3525 984 3574 sunt,
1025 3514 1136 3566 aliae
1171 3515 1417 3585 placidae,
1460 3529 1515 3568 et
1604 3514 2008 3585 Theophrasto,
2036 3515 2230 3587 ἡμερὶς,
2257 3517 2436 3586 Iapetit
2455 3517 2628 3581 clem,

498 3594 729 3645 mitiores
756 3611 771 3644 ε
800 3605 852 3645 et
878 3591 1273 3646 omniuminter
1292 3613 1349 3646 se
1378 3595 1514 3664 figu-
1600 3606 1660 3645 ut
1685 3593 1922 3648 dicemus
1968 3613 2086 3666 cap.
2114 3599 2166 3649 8.
2208 3596 2435 3653 Cen-us.
2477 3597 2589 3660 ὂξύη
2611 3612 2630 3648 2

494 3689 551 3722 ra
591 3669 784 3740 dispar.
814 3671 927 3724 Situ
973 3691 985 3722 :
1030 3690 1151 3724 nam
1192 3673 1306 3724 alias
1353 3693 1509 3725 mon·
1597 3691 1696 3724 nec
1725 3687 1902 3726 ortum
1941 3674 1992 3726 in
2036 3671 2237 3737 Gallia,
2287 3694 2387 3730 nec
2429 3694 2626 3728 nomen

493 3751 655 3804 tuosis
684 3749 840 3816 locis,
880 3749 994 3804 alim
1040 3751 1209 3822 planis
1251 3750 1502 3824 gaudent.
1595 3751 1769 3806 habet.
1825 3753 1962 3818 Ilex‚
2011 3753 2378 3825 Theophrasto
2413 3757 2623 3824 πρῖνος,

492 3829 674 3883 Sexu.
662 3847 675 3859 ·
720 3847 885 3884 mares
927 3843 980 3884 et
1026 3830 1249 3886 semino.
1304 3831 1369 3883 Η.
1593 3831 1692 3902 l'ye
1667 3852 1774 3884 oeus
1795 3873 1809 3896 ‚
1851 3852 1982 3885 ouc
1955 3833 2096 3885 cle-ne
2123 3835 2260 3885 werd.
2291 3833 2457 3888 Hac
2441 3835 2508 3886 iis
2527 3853 2624 3886 no·

572 3909 622 3964 5.
655 3909 845 3962 Genera
876 3911 1187 3980 distinguere.
1224 3909 1502 3981 Hodieque
1593 3911 1732 3964 mina
1757 3910 1966 3964 idoneis
1991 3913 2312 3992 argumentis
2337 3932 2438 3966 suo
2467 3932 2614 3984 qua·

488 3985 816 4060 disceptant
800 4003 937 4045 mter
950 4009 1003 4043 sc
1020 3987 1245 4058 eruditi,
1263 3989 1329 4044 de
1345 3987 1499 4042 variis
1590 4007 1695 4058 que
1717 3991 1835 4044 loco
1857 3975 2256 4046 vindicabimus.
2285 3991 2354 4046 H.
2379 3991 2614 4046 -Vide
