2850 4684
473 367 612 451 248
1197 368 1766 437 EXCURSUS
1817 368 1871 434 I.

467 495 691 550 scoridis
715 506 1053 549 commutant.
1082 496 1202 566 Ipse
1223 514 1437 567 quoque
1464 496 1505 547 F
1506 496 1773 549 orskiileus
1792 492 2073 547 confirmat
2092 508 2319 547 nostram
2348 494 2418 547 de
2434 494 2675 546 Sedet·

469 577 700 629 Arabum
727 574 1071 639 sententiam,
1105 575 1334 627 Rhamni
1355 576 1582 647 speciem
1604 576 1763 628 habet
1779 613 1794 640 ,
1819 592 1975 645 quam
2002 574 2059 625 in
2080 572 2282 627 Arabia
2314 574 2481 626 Ouala
2508 615 2535 638 ,
2578 574 2659 626 in

467 675 700 742 AEgypto
728 690 857 724 vero
873 674 1025 757 )'²'“'
1055 672 1234 724 vocari
1258 670 1505 743 perhibet
1531 660 1633 737 (1).

545 768 794 838 Superest
809 804 825 831 ‚
849 783 913 822 ut
939 766 1008 819 de
1033 768 1186 820 tertia
1208 770 1396 821 arbore
1411 806 1427 833 ,
1460 785 1584 837 quae
1605 766 1703 818 loti
1721 766 1937 818 nomine
1950 764 2095 835 apud
2126 756 2391 837 Antiquos
2407 766 2605 819 venit
2620 804 2643 827 ,

467 846 850 918 proecipiamus.
876 848 971 901 Est
995 849 1106 899 haec
1148 847 1442 918 Diospyros
1484 849 1664 912 Lotus,
1708 846 1868 897 arbor
1896 846 2043 916 pomi
2086 844 2262 896 senilis
2305 844 2501 897 faciem
2560 858 2641 898 et

465 925 884 997 magnitudinem
913 928 1139 991 habens,
1162 928 1362 979 cortice
1406 927 1592 978 vestita
1636 944 1733 995 per
1774 926 2101 995 juventutem
2146 922 2313 975 badio
2344 937 2396 977 et
2434 924 2589 976 laevi
2610 963 2636 987 ‚

471 1018 651 1075 postea
682 1006 870 1059 incano
897 1020 951 1060 et
979 1008 1162 1058 scabro
1183 1046 1197 1069 ‚
1243 1005 1380 1058 foliis
1407 1004 1837 1073 ovato-oblongis
1878 1004 2229 1073 integerrimis
2247 1042 2263 1063 ,
2296 1004 2627 1071 palmarem

469 1102 606 1155 saepe
646 1083 1029 1155 longitudinem
1071 1083 1477 1148 excedentibus,
1506 1085 1713 1156 paginis
1741 1081 2114 1147 discoloribus,
2166 1082 2355 1134 subtus
2382 1082 2625 1151 lanugi-

469 1163 610 1215 nosis
649 1181 662 1215 :
707 1165 886 1235 calyce
916 1162 1221 1237 quadrifido
1242 1202 1257 1229 ,
1297 1164 1495 1229 corolla
1544 1164 1809 1216 urceolata
1831 1202 1848 1229 ,
1895 1159 2227 1232 quadrifida,
2278 1161 2627 1213 staminibus

469 1256 590 1295 octo
611 1282 627 1307 ,
655 1244 792 1313 stylo
811 1242 1129 1314 quadrifido,
1143 1245 1301 1297 bacca
1326 1256 1672 1313 octosperma.
1698 1242 1923 1294 Fructus
1944 1242 2033 1293 hic
2062 1240 2210 1311 pomi
2235 1253 2315 1292 est
2336 1240 2510 1311 figura
2546 1253 2621 1292 et

470 1322 765 1386 volumine,
788 1322 1067 1394 superficie
1093 1340 1159 1374 ex
1185 1322 1461 1375 incarnato
1491 1319 1661 1375 albida
1679 1360 1695 1383 ‚
1726 1338 1882 1373 carne
1911 1317 2179 1392 pellucida
2200 1358 2217 1383 ,
2248 1319 2369 1371 rufa
2392 1332 2445 1372 et
2468 1319 2619 1389 pul-

469 1419 622 1470 posa,
663 1403 868 1471 saporis
895 1401 1070 1455 mellei
1099 1401 1398 1473 gratissimi.
1431 1400 1625 1455 Praeter
1656 1401 1865 1463 Sinam,
1896 1400 1990 1451 ubi
2018 1400 2236 1451 nomine
2257 1397 2316 1450 Sa·
2340 1400 2427 1452 vel
2455 1398 2614 1451 Καί-ἱ

469 1480 716 1551 frequens
749 1493 854 1545 est,
880 1481 1127 1551 provenit
1145 1482 1258 1535 hae'c
1288 1481 1448 1533 arbor
1486 1481 1541 1533 in
1576 1472 1747 1533 Gallia'
1780 1478 2145 1543 Narbonensi,
2172 1477 2358 1544 Italia,
2388 1478 2611 1533 Mauri-

468 1559 607 1613 tania
635 1572 691 1612 et
717 1560 935 1612 Oriente
962 1552 1065 1628 (ω).

550 1640 710 1692 Circa
747 1637 984 1692 eamdem
1023 1640 1268 1692 arborem
1293 1640 1531 1710 primum
1557 1637 1883 1701 notandum,
1924 1654 2257 1708 nequaquam
2292 1654 2609 1707 congruere

471 1736 593 1769 cum
623 1713 870 1789 διοσπύρῳ
900 1719 1252 1789 Theophrasti
1279 1715 1389 1784 (3),
1438 1720 1638 1790 qnippe
1672 1719 1824 1789 cujus
1863 1716 2069 1769 fructus
2098 1716 2315 1768 unicum
2342 1717 2605 1769 nucleum

471 1814 674 1849 osseum
719 1798 986 1863 continet,
1038 1796 1129 1851 sed
1166 1816 1281 1852 eam
1307 1800 1555 1851 arborem
1582 1796 1750 1850 videri
1780 1808 2013 1849 nostram
2034 1833 2049 1858 ,
2076 1814 2236 1867 quam
2268 1795 2476 1848 Plinius
2506 1788 2601 1862 (4)

472 1875 646 1927 fabam
669 1876 934 1943 Graecam,
959 1896 1053 1931 seu
1075 1878 1206 1929 loton
1232 1878 1479 1947 appellat.
1507 1876 1703 1929 Eadem
1728 1888 1829 1932 est,
1856 1893 2013 1946 quam
2034 1874 2316 1944 pomiferis
2344 1875 2599 1927 silvestri-

473 1956 574 2005 bus
619 1955 908 2009 Columella
939 1954 1252 2009 adnumerat
1277 1948 1394 2027 (5),
1444 1975 1709 2027 quamque
1742 1956 1956 2007 alteram
1995 1952 2092 2007 loti
2132 1954 2367 2024 speciem
2386 1994 2403 2019 ‚
2431 1953 2601 2024 spinis

473 2030 802 2099 destitutam,
849 2037 1009 2089 habet
1039 2037 1316 2105 Serapion.
1344 2036 1653 2089 Matthiolus
1683 2052 1895 2105 quoque
1920 2070 1935 2097 ,
1983 2031 2112 2085 dum
2142 2030 2210 2084 de
2236 2033 2351 2085 loto
2385 2034 2601 2086 Diosco-

473 2109 606 2163 ridis
633 2113 899 2184 loquitur,
925 2116 1132 2168 iconem
1151 2114 1388 2185 adjungit
1413 2114 1576 2185 hujus
1596 2115 1825 2177 arboris,
1848 2129 1965 2182 quae
1992 2111 2143 2164 facile
2173 2112 2445 2181 calycibus
2466 2130 2597 2183 qua·

475 2186 685 2243 drifidis
718 2191 1046 2261 dignoscitur
1069 2186 1172 2260 (6).
1217 2194 1436 2245 Gusiaci
1483 2193 1603 2245 Itali
1654 2193 1874 2244 nomine
1914 2191 2215 2261 insignitam
2255 2189 2420 2243 fuisse
2459 2190 2599 2244 hanc

475 2270 720 2326 arborem
751 2290 779 2323 a
819 2272 974 2323 variis
999 2273 1176 2325 saeculi
1205 2272 1394 2325 decimi
1419 2272 1554 2326 sexti
1582 2270 1933 2342 scriptoribus
1968 2268 2241 2322 Baubinus
2260 2269 2425 2323 refert
2451 2266 2555 2341 (7).

1305 2466 1454 2517 Lotus
1498 2468 1739 2535 aquatica.

553 2658 636 2712 Ad
656 2657 1030 2713 difficillimum
1046 2660 1154 2729 jam
1173 2655 1555 2711 transeundum
1576 2670 1653 2711 est
1672 2659 1828 2711 totius
1848 2660 2007 2729 hujus
2029 2658 2403 2730 disputationis
2416 2672 2569 2730 caput
2582 2700 2596 2723 ,

475 2760 641 2811 quum
656 2741 874 2793 Veteres
899 2739 998 2811 ipsi
1023 2751 1127 2791 tres
1146 2738 1481 2808 potissimum
1497 2738 1797 2807 plantarum
1817 2738 2243 2810 AEgyptiacarum
2262 2740 2471 2808 species
2491 2758 2593 2791 uno

475 2820 690 2871 bomine
733 2816 1190 2888 comprehendant
1207 2855 1223 2881 ,
1273 2816 1621 2888 Nympbaeam
1669 2818 1923 2870 nimirum
1978 2820 2151 2869 Lotum
2178 2856 2193 2883 ,
2242 2818 2593 2889 Nymphoeam

476 2897 712 2951 Nelumbo
746 2912 796 2951 et
819 2900 985 2950 Arum
1013 2898 1341 2961 Colocasiam,
1383 2914 1503 2967 quae
1529 2898 1747 2949 omnino
1770 2896 2071 2949 communia
2099 2894 2341 2968 quedam
2362 2898 2589 2955 habent,

475 2994 648 3047 neque
687 2988 862 3029 tamen
892 2975 1088 3029 eaedem
1122 2974 1395 3029 censendae
1422 2988 1547 3029 sunt
1564 3013 1580 3041 ,
1628 2976 1753 3029 licet
1778 2976 1935 3029 simili
1964 2974 2125 3029 modo
2154 2977 2207 3028 in
2234 2972 2521 3047 paludibus
2544 2990 2592 3030 et

478 3052 545 3103 ad
564 3051 844 3107 fluminum
871 3056 1014 3127 ripas
1033 3057 1345 3127 proveniant
1360 3094 1376 3123 ,
1401 3068 1685 3126 sancteque
1707 3076 1736 3108 a
1761 3054 2000 3128 pluribus
2037 3056 2266 3127 antiquis
2290 3056 2592 3110 nationibus

477 3132 630 3185 cultae
659 3133 873 3187 fuerint.

555 3212 704 3265 Inter
727 3214 1078 3285 Nympbaeam
1118 3226 1429 3286 utramque,
1463 3231 1581 3285 qun
1619 3214 1716 3266 loti
1759 3213 1977 3267 nomine
2013 3227 2142 3267 nota
2168 3214 2303 3279 fuit,
2336 3215 2591 3268 intersunt

538 3446 609 3508 (1)
631 3445 752 3491 mor.
772 3444 970 3505 AEgypt.
999 3462 1048 3506 p.
1062 3445 1238 3499 LXIII,
1265 3446 1346 3491 CV
1347 3447 1383 3490 1.
1405 3444 1555 3491 Miror
1578 3444 1763 3505 itaque,
1793 3445 2061 3507 Scopolium
2084 3460 2287 3508 negare,
2306 3446 2441 3507 quod
2462 3446 2584 3507 hujus

479 3520 659 3567 arboris
683 3519 962 3565 Forsknleus
983 3519 1254 3566 meminerit.

535 3600 610 3661 (ο)
633 3596 886 3659 Κυπρία,
913 3596 1122 3643 Amoenit.
1143 3585 1312 3644 exotio.
1331 3596 1447 3643 fasc.
1471 3596 1535 3649 V,
1572 3610 1618 3655 p.
1640 3594 1759 3649 806,
1792 3597 1895 3657 807.

541 3673 614 3735 (3)
645 3673 759 3719 nist.
787 3673 932 3733 plaut.
959 3671 1041 3717 lib.
1071 3672 1157 3727 111,
1177 3688 1218 3718 c.
1247 3670 1332 3725 13,
1365 3685 1414 3731 p.
1447 3670 1523 3716 60.

542 3746 613 3809 (4)
641 3746 742 3792 Lib.
767 3746 897 3800 XVI,
925 3762 967 3791 c.
988 3744 1062 3791 30.

539 3821 610 3883 (5)
642 3821 744 3866 Lib.
762 3820 880 3876 VII,
910 3836 950 3865 c.
972 3834 1031 3881 9,
1057 3835 1103 3880 p.
1133 3818 1222 3877 372
1240 3852 1254 3872 ,
1281 3818 1354 3864 ed.
1377 3818 1648 3867 Schneider.

541 3896 610 3959 (6)
635 3897 893 3942 comment.
915 3894 965 3940 in
987 3892 1248 3973 Diqecorid.
1273 3893 1355 3941 lib.
1383 3894 1428 3945 1,
1462 3910 1501 3939 c.
1530 3895 1641 3949 134,
1667 3908 1716 3954 p.
1740 3892 1854 3945 232,
1878 3892 1983 3938 233.

543 3976 618 4039 (7)
647 3969 830 4031 Πίναξ,
893 3990 939 4036 Ρ·
975 3984 1078 4035 447·
