2850 4684
497 389 646 462 206
1018 392 1093 459 C.
1148 388 1490 457 PLINII
1543 386 1763 456 NAT.
1821 389 2076 457 HIST.

496 536 826 615 repertos,
858 522 933 589 P.
972 520 1318 607 Cornelio,
1361 522 1439 588 L.
1478 522 1549 588 F.
1579 506 1937 614 Cethego,
1982 522 2078 587 M.
2122 521 2370 608 Baebio,
2408 521 2496 609 Q.
2529 522 2606 589 F.

496 626 877 723 Pamphilo⁷
946 652 1114 697 coss.
1168 625 1250 695 acl
1308 650 1472 719 quos
1517 648 1556 693 a
1610 650 1814 719 regno
1861 610 2138 694 Numae⁸
2205 625 2612 720 colliguntur

386 772 391 779 ·
497 736 653 803 anni
688 732 1003 821 nxxxv9,
1031 746 1098 801 et
1122 732 1245 801 hos
1284 732 1481 800 fuisse
1517 756 1556 799 e
1595 729 1883 801 charta¹⁰
1905 730 2206 824 .majore
2245 733 2608 802 etiamnum

498 839 848 926 miraculo,
890 837 1069 933 quod
1103 852 1205 907 tot
1238 836 1464 905 infossi
1507 836 1914 905 duraverunt
1945 838 2130 907 annis
2159 862 2175 905 ε
2203 853 2616 933 quapropter

433 984 461 1016 α
498 946 565 1014 in
597 970 669 1014 re
696 960 875 1015 tanta
910 945 1112 1038 ipsius
1146 944 1444 1012 Heminae
1469 942 1673 1011 verba
1715 966 1978 1036 ponam.
2018 943 2434 1013 Mirabantur
2461 943 2610 1027 alii,

414 1051 831 1170 quomodo
884 1049 975 1118 illi
1030 1049 1177 1117 libri
1228 1048 1468 1116 durare
1515 1048 1934 1143 potuissent.
1993 1047 2099 1117 ille
2141 1050 2234 1118 ita
2287 1051 2615 1118 rationem

414 1142 862 1226 reddebat:
930 1154 1211 1249 lapidem
1268 1154 1466 1223 fuisse
1519 1153 1912 1247 quadratum
1965 1156 2228 1224 circiter
2277 1156 2346 1222 in
2395 1155 2618 1224 media

408 1300 415 1313 ·
501 1286 655 1333 arca
688 1265 985 1331 vinctum
1027 1257 1369 1329 candelis¹¹
1412 1284 1681 1353 quoquo
1717 1284 1965 1329 versus.
2017 1262 2100 1329 In
2134 1284 2213 1329 eo
2255 1258 2529 1354 lapide
2510 1286 2616 1329 m-

501 1392 699 1463 super
724 1367 927 1437 libros
957 1368 1297 1459 impositos
1328 1363 1528 1435 fuisse
1556 1389 1571 1434 :
1607 1380 1956 1459 propterea
1984 1366 2287 1445 arbitrari
2327 1390 2440 1436 eos
2474 1390 2618 1436 non

502 1475 1002 1569 computruisse.
1034 1474 1123 1541 Et
1153 1469 1355 1540 libros
1395 1470 1664 1541 citratos
1712 1471 1910 1541 fuisse
1931 1470 1978 1496 ¹²
2007 1485 2402 1568 :propterea
2429 1472 2618 1541 arbi-

504 1582 737 1650 trarier
777 1580 983 1648 tineas
1012 1602 1145 1646 non
1172 1578 1482 1706 tetigxisse.
1515 1579 1598 1645 In
1633 1577 1735 1647 his
1778 1576 1958 1646 libris
1989 1579 2232 1672 scripta
2261 1592 2450 1647 erant
2478 1578 2624 1672 phi·
2639 1579 2646 1583 ’

507 1686 821 1780 losophiae
854 1668 1393 1802 Pythagoricae&
1433 1685 1698 1777 Eosque
1741 1684 2120 1754 combustos
2149 1708 2188 1751 a
2209 1682 2330 1771 Q.¹
2335 1671 2621 1753 “Petilio

506 1806 821 1886 praetore,
873 1790 1026 1885 quia
1076 1788 1507 1885 philosophiae
1556 1792 1797 1885 scripta
1847 1775 2130 1859 essent*
2231 1792 2378 1860 Hoc
2441 1788 2624 1860 idem

588 1985 643 2033 6.
660 1981 727 2033 P.
742 1979 982 2046 Cornelio,
1004 1980 1066 2033 L.
1088 1980 1151 2033 F.
1168 1978 1403 2049 Cethego,
1418 1990 1518 2033 etc.

383 2128 389 2133 ,
504 2060 689 2115 Livius
732 2078 796 2113 eo
852 2080 995 2113 anno
1052 2059 1290 2113 consules
1333 2058 1522 2111 scribit

1695 1997 1780 2031 ιι.
1813 1979 2057 2034 Candelis.
2095 1976 2141 2032 E
2174 1979 2389 2051 scirpis,
2426 1982 2512 2035 vel
2559 2001 2627 2035 ex

1608 2060 1791 2129 corylo
1811 2096 1828 2121 ‚
1865 2072 1924 2112 ut
1951 2060 2066 2131 ipse
2089 2072 2300 2127 monet,
2327 2060 2421 2114 lib.
2453 2061 2628 2129 XVI,

508 2140 571 2193 C.
625 2138 865 2195 Babium
916 2138 1257 2209 Tamphilum
1277 2174 1295 2202 ‚
1352 2150 1405 2189 et
1441 2138 1516 2190 M.

508 2218 784 2271 AEmilium
855 2216 1131 2287 Lepidum.
1208 2216 1524 2271 Plutarchus

508 2296 904 2370 quadringentis
954 2308 1155 2349 tantum
1204 2295 1355 2349 annis
1402 2309 1525 2368 post

505 2395 731 2449 regnum
761 2377 810 2428 N
814 2393 947 2427 umae
978 2374 1032 2429 id
1058 2374 1307 2429 accidisse
1331 2375 1388 2427 in
1406 2378 1524 2447 ejus

506 2457 611 2509 vita
640 2455 861 2509 scribit:
893 2474 1065 2525 neque
1097 2454 1155 2509 id
1194 2456 1387 2508 factum
1418 2456 1523 2507 im·

504 2535 787 2607 prudentia
840 2534 1062 2588 bubulci
1112 2535 1331 2588 aratoris
1370 2574 1385 2599 ,
1429 2534 1522 2605 qui

506 2628 647 2669 terra
671 2614 927 2686 proscissa
952 2613 1081 2667 duas
1119 2632 1264 2668 arcas
1312 2626 1368 2666 et
1410 2632 1521 2667 non

506 2694 672 2749 solam
716 2712 875 2747 unam
922 2695 1139 2759 evertit,
1184 2694 1276 2747 sed
1328 2693 1520 2746 alluvie

508 2772 1089 2827 vehementissimorum
1120 2773 1402 2837 imbrium,
1427 2772 1520 2843 qui

508 2852 772 2907 tumulum
794 2870 1100 2923 perrupere.
1124 2854 1442 2906 Gnarum.

590 2952 644 3003 7.
698 2932 963 3001 Pamphilo.
1010 2934 1091 2985 Ita
1128 2931 1252 2986 libri
1300 2949 1484 2984 omnes
1501 2969 1518 2993 ,

511 3012 670 3064 etiam
693 3010 842 3063 MSS.
866 3010 1085 3064 Gessere
1101 3012 1159 3063 hi
1176 3010 1522 3065 Consulatum

512 3110 559 3145 a.
586 3090 655 3143 U.
689 3090 821 3160 573,
842 3089 993 3141 Livio
1011 3091 1227 3161 quidem
1249 3103 1376 3144 teste
1392 3129 1406 3155 ‚
1427 3090 1522 3143 lib.

510 3171 638 3235 XL,
666 3187 788 3239 pag.
818 3168 917 3233 50,
946 3169 1040 3220 ubi
1058 3168 1219 3222 Corn.
1242 3168 1522 3235 Lentulus,

512 3263 565 3302 et
596 3246 805 3301 Baebius
844 3246 1151 3317 Pamphilus
1176 3248 1522 3320 appellantur.

513 3328 699 3379 Hum.

596 3409 648 3460 8.
676 3406 731 3458 Α
754 3424 899 3473 regno
932 3406 1120 3456 Numan.
1152 3404 1235 3455 Ab
1264 3405 1417 3459 initio
1443 3424 1528 3457 re·
1553 3453 1556 3457 ,

514 3486 607 3555 gni
642 3503 655 3535 :
699 3482 843 3554 quod
894 3483 984 3536 ille
1022 3484 1297 3554 capessivit
1354 3504 1402 3537 a.
1452 3484 1525 3538 U.

518 3566 607 3633 37.
635 3560 817 3613 Hann.

594 3660 649 3710 9.
660 3643 797 3695 Anni
809 3640 925 3693 DX
923 3642 984 3693 Χ
983 3642 1045 3693 Χ
1046 3642 1109 3694 V.
1123 3642 1259 3695 Plut.
1273 3643 1327 3694 in
1337 3648 1527 3709 Numa,

515 3740 633 3792 pag.
660 3727 760 3787 74,
797 3739 961 3773 annos
986 3734 1230 3773 numerat
1263 3722 1372 3773 fere
1398 3740 1527 3791 quau·

510 3800 853 3870 ,dringentosz
880 3799 971 3852 sed
1000 3818 1192 3871 magno
1218 3818 1413 3852 errore.
1439 3800 1508 3852 Η.

600 3898 681 3933 ιο.
728 3880 777 3930 Ε
820 3880 1005 3931 charta.
1048 3880 1181 3944 Quae
1220 3898 1281 3932 ex
1326 3898 1529 3952 papyro

513 3960 763 4031 AEgyptia
788 3972 920 4015 esset
944 3959 1181 4015 conflata.
1210 3959 1389 4013 Hann.

1609 2156 1727 2209 cap.
1759 2156 1846 2209 70.
1871 2139 2053 2192 Hanu.

1697 2235 1720 2269 1
1736 2239 1785 2272 a.
1799 2210 1983 2271 'Libros
2001 2222 2214 2271 citratos.
2242 2217 2451 2283 Quibus
2477 2217 2632 2273 vide-

1610 2297 1730 2350 licet
1767 2294 2036 2369 interjecta
2057 2298 2178 2351 citri
2204 2297 2328 2351 folia
2349 2336 2365 2363 ,
2391 2317 2630 2370 quorum

1607 2376 1966 2455 haechpropria
1996 2373 2123 2442 dos,
2162 2390 2222 2430 ut
2258 2390 2468 2431 arceant
2505 2378 2631 2431 aui-

1608 2457 1825 2509 malium
1874 2458 2031 2509 noxia
2047 2497 2062 2520 ,
2109 2456 2215 2509 hoc
2259 2469 2336 2509 est
2351 2494 2368 2521 ,
2411 2457 2579 2510 tineas
2611 2494 2631 2524 ,

1607 2533 2054 2606 quemadmodum
2069 2535 2272 2589 dictum
2293 2548 2370 2589 est
2389 2536 2480 2590 lib.
2502 2555 2628 2607 sup.

1608 2632 1770 2685 cap.7
1785 2652 1802 2681 ,
1825 2616 1916 2667 ubi
1944 2614 2065 2668 vide
2083 2616 2266 2687 quain
2280 2615 2420 2669 notis
2444 2614 2633 2686 adjici·

1606 2711 1724 2749 mus
1739 2736 1756 2759 ,
1785 2692 1852 2747 de
1870 2696 2060 2749 citrosa
2082 2707 2240 2749 veste.
2273 2696 2336 2747 In
2360 2695 2508 2747 libris
2529 2695 2630 2749 ha·

1608 2785 1788 2829 etenus
1821 2769 1972 2827 editis
1995 2814 2012 2839 ,
2061 2774 2275 2825 cedmtos
2313 2774 2523 2845 legitur.
2555 2776 2630 2827 At

1608 2852 1760 2907 MSS.
1787 2854 1914 2925 Reg.
1935 2854 2053 2908 Par.
2073 2852 2193 2907 Tol.
2208 2856 2418 2905 citratos.
2441 2852 2636 2927 Ham).-

1695 2950 1718 2985 1
1733 2932 1781 2985 3.
1795 2934 2152 3005 Pythagoricae.
2169 2933 2376 2997 Livius,
2389 2932 2484 2986 lib.
2501 2933 2600 2985 XL
2612 2973 2631 2998 ,

1609 3030 1730 3085 pag.
1785 3014 1816 3065 5
1833 3012 1891 3065 13
1914 3052 1931 3075 ,
1981 3014 2082 3067 hoc
2130 3012 2304 3083 ipsum
2349 3012 2581 3065 referens
2612 3030 2628 3064 :

1619 3090 1874 3163 «Adjicit
1896 3092 2136 3145 Valerius
2163 3090 2378 3153 Antias,
2423 3092 2629 3162 inquit,

1610 3171 1775 3223 libros
1787 3172 2161 3241 Pythagoricos
2181 3170 2373 3224 fuisse:
2400 3172 2630 3241 vulgata

1612 3248 1885 3327 opinioni,
1911 3268 2014 3321 qua
2034 3248 2296 3303 creditum
2315 3250 2631 3321 Pythagora

1613 3328 1905 3381 auditorem
1933 3329 2090 3381 fuisse
2117 3330 2378 3393 Numam,
2411 3326 2632 3382 menda-

1615 3407 1698 3459 cio
1728 3408 1993 3477 probabili
2031 3407 2421 3461 accommodata
2445 3405 2621 3461 fide.-

1615 3486 1794 3539 Ham).

1701 3571 1790 3628 14.
1835 3566 1889 3617 A
1921 3566 1990 3636 Q.
2021 3566 2217 3618 Petilio.
2258 3565 2473 3631 Livius,
2509 3566 2548 3618 l.
2579 3584 2627 3619 c.

1615 3644 1853 3699 Laetam.
1879 3645 1971 3697 lib.
2007 3646 2060 3711 1,
2092 3665 2206 3717 cap.
2237 3664 2334 3711 223
2359 3645 2632 3699 Plutarch.

1614 3724 1670 3775 in
1695 3724 1893 3789 Numa,
1922 3745 2038 3797 pag.
2063 3731 2162 3795 74,
2206 3744 2268 3778 ex
2297 3725 2524 3789 Pisone,
2565 3728 2632 3785 ὣς

1617 3804 1808 3875 ἶςόρησι
1833 3807 2040 3859 Πείσων.
2073 3806 2250 3859 ΗΑιιι).
2304 3844 2310 3863 .

1705 3902 1724 3937 1
1741 3883 1792 3937 5.
1808 3886 1938 3953 Quia
1949 3885 2198 3955 plu‘zlosop!
2199 3886 2450 3951 iuscripta
2463 3894 2637 3936 essent.

1619 3963 1686 4017 Et
1699 3962 1844 4035 quod
1859 3964 2006 4019 lectis
2025 3984 2200 4017 rerum
2227 3963 2447 4018 summis
2459 3962 2638 4015 anim·
