<?xml version="1.0" encoding="UTF-8"?>
<!DOCTYPE html PUBLIC "-//W3C//DTD XHTML 1.0 Transitional//EN"
    "http://www.w3.org/TR/xhtml1/DTD/xhtml1-transitional.dtd">
<html xmlns="http://www.w3.org/1999/xhtml" xml:lang="en" lang="en">
 <head>
  <title>
</title>
<meta http-equiv="Content-Type" content="text/html;charset=utf-8" />
  <meta name='ocr-system' content='tesseract 3.04.00' />
  <meta name='ocr-capabilities' content='ocr_page ocr_carea ocr_par ocr_line ocrx_word'/>
</head>
<body>
  <div class='ocr_page' id='page_1' title='image "./historiaenatura00delagoog_0214.png"; bbox 0 0 2850 4684; ppageno 0'>
   <div class='ocr_carea' id='block_1_1' title="bbox 1012 365 1601 435">
    <p class='ocr_par' dir='ltr' id='par_1_1' title="bbox 1012 365 1601 435">
     <span class='ocr_line' id='line_1_1' title="bbox 1012 365 1601 435; baseline 0.002 -2"><span class='ocrx_word' id='word_1_1' title='bbox 1012 365 1330 433; x_wconf 89' lang='lat' dir='ltr'><strong>LIBER</strong></span> <span class='ocrx_word' id='word_1_2' title='bbox 1381 366 1601 435; x_wconf 88' lang='lat' dir='ltr'><strong>XIII.</strong></span> 
     </span>
    </p>
   </div>
   <div class='ocr_carea' id='block_1_2' title="bbox 2146 358 2371 439">
    <p class='ocr_par' dir='ltr' id='par_1_2' title="bbox 2146 358 2371 439">
     <span class='ocr_line' id='line_1_2' title="bbox 2146 358 2371 439; baseline 0 -1"><span class='ocrx_word' id='word_1_3' title='bbox 2146 358 2157 371; x_wconf 61' lang='lat'>⁸</span> <span class='ocrx_word' id='word_1_4' title='bbox 2220 366 2371 439; x_wconf 77' lang='lat'><strong>203</strong></span> 
     </span>
    </p>
   </div>
   <div class='ocr_carea' id='block_1_3' title="bbox 227 489 2371 698">
    <p class='ocr_par' dir='ltr' id='par_1_3' title="bbox 227 489 2371 698">
     <span class='ocr_line' id='line_1_3' title="bbox 229 489 2370 590; baseline 0.003 -32"><span class='ocrx_word' id='word_1_5' title='bbox 229 489 560 562; x_wconf 80' lang='lat' dir='ltr'><strong>caducae&#39;</strong></span> <span class='ocrx_word' id='word_1_6' title='bbox 589 493 822 563; x_wconf 84' lang='lat' dir='ltr'><strong>litterae</strong></span> <span class='ocrx_word' id='word_1_7' title='bbox 845 491 1040 561; x_wconf 87' lang='lat' dir='ltr'><strong>fiunt.</strong></span> <span class='ocrx_word' id='word_1_8' title='bbox 1072 496 1298 563; x_wconf 85' lang='lat' dir='ltr'><strong>Minus</strong></span> <span class='ocrx_word' id='word_1_9' title='bbox 1319 496 1543 565; x_wconf 86' lang='lat' dir='ltr'><strong>sorbet</strong></span> <span class='ocrx_word' id='word_1_10' title='bbox 1566 496 1848 589; x_wconf 84' lang='lat' dir='ltr'><strong>politura</strong></span> <span class='ocrx_word' id='word_1_11' title='bbox 1872 497 2135 585; x_wconf 83' lang='lat' dir='ltr'><strong>charta,</strong></span> <span class='ocrx_word' id='word_1_12' title='bbox 2164 499 2370 590; x_wconf 85' lang='lat' dir='ltr'><strong>magis</strong></span> 
     </span>
     <span class='ocr_line' id='line_1_4' title="bbox 227 584 2371 698; baseline 0.003 -34"><span class='ocrx_word' id='word_1_13' title='bbox 227 596 576 691; x_wconf 81' lang='lat' dir='ltr'><strong>splendet.</strong></span> <span class='ocrx_word' id='word_1_14' title='bbox 616 584 950 668; x_wconf 81' lang='lat' dir='ltr'><strong>Rebellat³</strong></span> <span class='ocrx_word' id='word_1_15' title='bbox 991 623 1164 695; x_wconf 80' lang='lat' dir='ltr'><strong>soepe</strong></span> <span class='ocrx_word' id='word_1_16' title='bbox 1209 601 1455 671; x_wconf 88' lang='lat' dir='ltr'><strong>humor</strong></span> <span class='ocrx_word' id='word_1_17' title='bbox 1510 604 1837 673; x_wconf 84' lang='lat' dir='ltr'><strong>incuriose</strong></span> <span class='ocrx_word' id='word_1_18' title='bbox 1886 602 2075 672; x_wconf 83' lang='lat' dir='ltr'><strong>datus</strong></span> <span class='ocrx_word' id='word_1_19' title='bbox 2118 605 2333 698; x_wconf 89' lang='lat' dir='ltr'><strong>primo</strong></span> <span class='ocrx_word' id='word_1_20' title='bbox 2350 652 2371 687; x_wconf 88' lang='lat'><strong>,</strong></span> 
     </span>
    </p>
   </div>
   <div class='ocr_carea' id='block_1_4' title="bbox 227 884 1280 4056">
    <p class='ocr_par' dir='ltr' id='par_1_4' title="bbox 227 884 1278 1289">
     <span class='ocr_line' id='line_1_5' title="bbox 227 884 1275 964; baseline 0.002 -19"><span class='ocrx_word' id='word_1_21' title='bbox 227 892 412 947; x_wconf 75' lang='lat' dir='ltr'><strong>amia</strong></span> <span class='ocrx_word' id='word_1_22' title='bbox 438 892 642 947; x_wconf 75' lang='lat' dir='ltr'><strong>subditi</strong></span> <span class='ocrx_word' id='word_1_23' title='bbox 667 905 720 946; x_wconf 90' lang='lat' dir='ltr'><strong>et</strong></span> <span class='ocrx_word' id='word_1_24' title='bbox 744 894 913 964; x_wconf 84' lang='lat' dir='ltr'><strong>pacati</strong></span> <span class='ocrx_word' id='word_1_25' title='bbox 939 893 1140 947; x_wconf 87' lang='lat' dir='ltr'><strong>bellum</strong></span> <span class='ocrx_word' id='word_1_26' title='bbox 1160 884 1275 947; x_wconf 76' lang='lat' dir='ltr'><strong>rui·-</strong></span> 
     </span>
     <span class='ocr_line' id='line_1_6' title="bbox 227 972 1274 1025; baseline 0 0"><span class='ocrx_word' id='word_1_27' title='bbox 227 991 328 1025; x_wconf 76' lang='lat' dir='ltr'><strong>sus</strong></span> <span class='ocrx_word' id='word_1_28' title='bbox 355 984 605 1025; x_wconf 74' lang='lat' dir='ltr'><strong>movent.</strong></span> <span class='ocrx_word' id='word_1_29' title='bbox 637 973 877 1025; x_wconf 85' lang='lat' dir='ltr'><strong>Rebellat</strong></span> <span class='ocrx_word' id='word_1_30' title='bbox 899 972 1095 1025; x_wconf 88' lang='lat' dir='ltr'><strong>humor</strong></span> <span class='ocrx_word' id='word_1_31' title='bbox 1123 974 1274 1025; x_wconf 86' lang='lat' dir='ltr'><strong>incu-</strong></span> 
     </span>
     <span class='ocr_line' id='line_1_7' title="bbox 231 1050 1276 1121; baseline 0.003 -19"><span class='ocrx_word' id='word_1_32' title='bbox 231 1050 392 1103; x_wconf 71' lang='lat' dir='ltr'><strong>riose</strong></span> <span class='ocrx_word' id='word_1_33' title='bbox 411 1050 602 1117; x_wconf 78' lang='lat' dir='ltr'><strong>datus,</strong></span> <span class='ocrx_word' id='word_1_34' title='bbox 629 1070 798 1121; x_wconf 89' lang='lat' dir='ltr'><strong>quum</strong></span> <span class='ocrx_word' id='word_1_35' title='bbox 823 1050 1038 1104; x_wconf 81' lang='lat' dir='ltr'><strong>artificis</strong></span> <span class='ocrx_word' id='word_1_36' title='bbox 1056 1070 1194 1105; x_wconf 69' lang='lat' dir='ltr'><strong>cura</strong></span> <span class='ocrx_word' id='word_1_37' title='bbox 1215 1070 1276 1105; x_wconf 86' lang='lat' dir='ltr'><strong>ac</strong></span> 
     </span>
     <span class='ocr_line' id='line_1_8' title="bbox 227 1129 1278 1201; baseline 0.004 -20"><span class='ocrx_word' id='word_1_38' title='bbox 227 1129 428 1183; x_wconf 73' lang='lat' dir='ltr'><strong>studio</strong></span> <span class='ocrx_word' id='word_1_39' title='bbox 473 1131 773 1183; x_wconf 69' lang='lat' dir='ltr'><strong>reluctatur</strong></span> <span class='ocrx_word' id='word_1_40' title='bbox 797 1130 1145 1201; x_wconf 70' lang='lat' dir='ltr'>pertinacius,</span> <span class='ocrx_word' id='word_1_41' title='bbox 1177 1148 1278 1185; x_wconf 83' lang='lat' dir='ltr'><strong>nec</strong></span> 
     </span>
     <span class='ocr_line' id='line_1_9' title="bbox 231 1209 1277 1301; baseline 0.003 -41"><span class='ocrx_word' id='word_1_42' title='bbox 231 1228 410 1263; x_wconf 84' lang='lat' dir='ltr'><strong>omne</strong></span> <span class='ocrx_word' id='word_1_43' title='bbox 435 1209 575 1263; x_wconf 81' lang='lat' dir='ltr'><strong>corii</strong></span> <span class='ocrx_word' id='word_1_44' title='bbox 602 1210 834 1279; x_wconf 76' lang='lat' dir='ltr'><strong>spatium</strong></span> <span class='ocrx_word' id='word_1_45' title='bbox 864 1228 926 1262; x_wconf 82' lang='lat' dir='ltr'><strong>ex</strong></span> <span class='ocrx_word' id='word_1_46' title='bbox 947 1228 1098 1301; x_wconf 76' lang='lat' dir='ltr'><strong>aequo</strong></span> <span class='ocrx_word' id='word_1_47' title='bbox 1114 1210 1277 1279; x_wconf 82' lang='lat' dir='ltr'><strong>rigat,</strong></span> 
     </span>
    </p>

    <p class='ocr_par' dir='ltr' id='par_1_5' title="bbox 231 1286 1278 1439">
     <span class='ocr_line' id='line_1_10' title="bbox 233 1286 1278 1351; baseline 0.002 -12"><span class='ocrx_word' id='word_1_48' title='bbox 233 1302 294 1339; x_wconf 84' lang='lat' dir='ltr'><strong>et</strong></span> <span class='ocrx_word' id='word_1_49' title='bbox 319 1288 560 1351; x_wconf 81' lang='lat' dir='ltr'>oblinit,</span> <span class='ocrx_word' id='word_1_50' title='bbox 594 1286 688 1340; x_wconf 72' lang='lat' dir='ltr'><strong>sed</strong></span> <span class='ocrx_word' id='word_1_51' title='bbox 715 1288 908 1341; x_wconf 85' lang='lat' dir='ltr'><strong>alicubi</strong></span> <span class='ocrx_word' id='word_1_52' title='bbox 937 1288 1169 1341; x_wconf 80' lang='lat' dir='ltr'><strong>subsistit</strong></span> <span class='ocrx_word' id='word_1_53' title='bbox 1195 1308 1278 1341; x_wconf 91' lang='lat' dir='ltr'><strong>co·</strong></span> 
     </span>
     <span class='ocr_line' id='line_1_11' title="bbox 231 1366 1276 1439; baseline 0.002 -20"><span class='ocrx_word' id='word_1_54' title='bbox 231 1368 498 1438; x_wconf 77' lang='lat' dir='ltr'><strong>pioeior,</strong></span> <span class='ocrx_word' id='word_1_55' title='bbox 547 1367 678 1421; x_wconf 87' lang='lat' dir='ltr'><strong>alibi</strong></span> <span class='ocrx_word' id='word_1_56' title='bbox 718 1368 924 1439; x_wconf 78' lang='lat' dir='ltr'><strong>parcior</strong></span> <span class='ocrx_word' id='word_1_57' title='bbox 955 1366 1276 1433; x_wconf 80' lang='lat' dir='ltr'><strong>affunditur,</strong></span> 
     </span>
    </p>

    <p class='ocr_par' dir='ltr' id='par_1_6' title="bbox 237 1446 1280 3738">
     <span class='ocr_line' id='line_1_12' title="bbox 237 1446 1278 1518; baseline 0 -18"><span class='ocrx_word' id='word_1_58' title='bbox 237 1446 396 1500; x_wconf 81' lang='lat' dir='ltr'><strong>unde</strong></span> <span class='ocrx_word' id='word_1_59' title='bbox 435 1448 774 1518; x_wconf 70' lang='lat' dir='ltr'><strong>plagulas-um</strong></span> <span class='ocrx_word' id='word_1_60' title='bbox 818 1446 883 1499; x_wconf 82' lang='lat' dir='ltr'><strong>fit</strong></span> <span class='ocrx_word' id='word_1_61' title='bbox 916 1447 1186 1517; x_wconf 68' lang='lat' dir='ltr'><strong>inaequalis</strong></span> <span class='ocrx_word' id='word_1_62' title='bbox 1223 1458 1278 1501; x_wconf 93' lang='lat' dir='ltr'><strong>et</strong></span> 
     </span>
     <span class='ocr_line' id='line_1_13' title="bbox 241 1526 1275 1597; baseline 0 -19"><span class='ocrx_word' id='word_1_63' title='bbox 241 1526 564 1597; x_wconf 68' lang='lat' dir='ltr'><strong>superficies</strong></span> <span class='ocrx_word' id='word_1_64' title='bbox 580 1540 635 1579; x_wconf 89' lang='lat' dir='ltr'><strong>et</strong></span> <span class='ocrx_word' id='word_1_65' title='bbox 653 1526 936 1580; x_wconf 78' lang='lat' dir='ltr'><strong>resiecatio.</strong></span> <span class='ocrx_word' id='word_1_66' title='bbox 964 1526 1099 1579; x_wconf 81' lang='lat' dir='ltr'><strong>Nam</strong></span> <span class='ocrx_word' id='word_1_67' title='bbox 1111 1545 1275 1596; x_wconf 88' lang='lat' dir='ltr'><strong>quum</strong></span> 
     </span>
     <span class='ocr_line' id='line_1_14' title="bbox 241 1606 1276 1675; baseline 0.002 -18"><span class='ocrx_word' id='word_1_68' title='bbox 241 1608 422 1675; x_wconf 80' lang='lat' dir='ltr'>probe</span> <span class='ocrx_word' id='word_1_69' title='bbox 442 1618 687 1659; x_wconf 87' lang='lat' dir='ltr'><strong>curatam</strong></span> <span class='ocrx_word' id='word_1_70' title='bbox 703 1644 720 1670; x_wconf 88' lang='lat'><strong>,</strong></span> <span class='ocrx_word' id='word_1_71' title='bbox 762 1606 1056 1665; x_wconf 70' lang='lat' dir='ltr'><strong>subactam,</strong></span> <span class='ocrx_word' id='word_1_72' title='bbox 1084 1616 1276 1659; x_wconf 85' lang='lat' dir='ltr'><strong>tracta·-</strong></span> 
     </span>
     <span class='ocr_line' id='line_1_15' title="bbox 243 1684 1277 1756; baseline 0.001 -20"><span class='ocrx_word' id='word_1_73' title='bbox 243 1696 468 1756; x_wconf 85' lang='lat' dir='ltr'><strong>tamque</strong></span> <span class='ocrx_word' id='word_1_74' title='bbox 493 1686 736 1739; x_wconf 82' lang='lat' dir='ltr'><strong>chartam</strong></span> <span class='ocrx_word' id='word_1_75' title='bbox 753 1702 862 1737; x_wconf 70' lang='lat' dir='ltr'><strong>ease</strong></span> <span class='ocrx_word' id='word_1_76' title='bbox 883 1696 1034 1756; x_wconf 80' lang='lat' dir='ltr'><strong>putat</strong></span> <span class='ocrx_word' id='word_1_77' title='bbox 1059 1684 1244 1737; x_wconf 75' lang='lat' dir='ltr'>artifex</span> <span class='ocrx_word' id='word_1_78' title='bbox 1261 1722 1277 1753; x_wconf 85' lang='lat'><strong>,</strong></span> 
     </span>
     <span class='ocr_line' id='line_1_16' title="bbox 243 1763 1278 1835; baseline 0 -18"><span class='ocrx_word' id='word_1_79' title='bbox 243 1782 352 1817; x_wconf 78' lang='lat' dir='ltr'><strong>nec</strong></span> <span class='ocrx_word' id='word_1_80' title='bbox 369 1763 672 1835; x_wconf 76' lang='lat' dir='ltr'><strong>quidquam</strong></span> <span class='ocrx_word' id='word_1_81' title='bbox 693 1782 870 1834; x_wconf 68' lang='lat' dir='ltr'><strong>opero</strong></span> <span class='ocrx_word' id='word_1_82' title='bbox 893 1782 998 1817; x_wconf 68' lang='lat' dir='ltr'><strong>suo</strong></span> <span class='ocrx_word' id='word_1_83' title='bbox 1025 1774 1278 1834; x_wconf 67' lang='lat' dir='ltr'><strong>proterea</strong></span> 
     </span>
     <span class='ocr_line' id='line_1_17' title="bbox 245 1840 1277 1915; baseline 0 -20"><span class='ocrx_word' id='word_1_84' title='bbox 245 1840 558 1896; x_wconf 68' lang='lat' dir='ltr'><strong>desiderare</strong></span> <span class='ocrx_word' id='word_1_85' title='bbox 575 1882 594 1907; x_wconf 90' lang='lat'><strong>‚</strong></span> <span class='ocrx_word' id='word_1_86' title='bbox 633 1856 748 1896; x_wconf 82' lang='lat' dir='ltr'><strong>tum</strong></span> <span class='ocrx_word' id='word_1_87' title='bbox 786 1856 968 1896; x_wconf 85' lang='lat' dir='ltr'><strong>contra</strong></span> <span class='ocrx_word' id='word_1_88' title='bbox 993 1846 1104 1915; x_wconf 76' lang='lat' dir='ltr'><strong>ejus</strong></span> <span class='ocrx_word' id='word_1_89' title='bbox 1129 1861 1277 1915; x_wconf 85' lang='lat' dir='ltr'><strong>spem</strong></span> 
     </span>
     <span class='ocr_line' id='line_1_18' title="bbox 249 1920 1277 1993; baseline 0.002 -20"><span class='ocrx_word' id='word_1_90' title='bbox 249 1923 440 1975; x_wconf 67' lang='lat' dir='ltr'><strong>vitium</strong></span> <span class='ocrx_word' id='word_1_91' title='bbox 471 1920 532 1975; x_wconf 83' lang='lat' dir='ltr'><strong>id</strong></span> <span class='ocrx_word' id='word_1_92' title='bbox 559 1920 826 1993; x_wconf 81' lang='lat' dir='ltr'><strong>detegitur</strong></span> <span class='ocrx_word' id='word_1_93' title='bbox 845 1958 862 1984; x_wconf 91' lang='lat'>‚</span> <span class='ocrx_word' id='word_1_94' title='bbox 917 1935 971 1975; x_wconf 88' lang='lat' dir='ltr'><strong>et</strong></span> <span class='ocrx_word' id='word_1_95' title='bbox 1011 1935 1277 1993; x_wconf 73' lang='lat' dir='ltr'><strong>tamquam</strong></span> 
     </span>
     <span class='ocr_line' id='line_1_19' title="bbox 251 2000 1278 2074; baseline -0.002 -19"><span class='ocrx_word' id='word_1_96' title='bbox 251 2002 580 2055; x_wconf 70' lang='lat' dir='ltr'><strong>nerudeacit</strong></span> <span class='ocrx_word' id='word_1_97' title='bbox 593 2040 610 2067; x_wconf 83' lang='lat'>‚</span> <span class='ocrx_word' id='word_1_98' title='bbox 633 2000 786 2074; x_wconf 88' lang='lat' dir='ltr'><strong>quod</strong></span> <span class='ocrx_word' id='word_1_99' title='bbox 805 2002 1001 2053; x_wconf 83' lang='lat' dir='ltr'><strong>iterum</strong></span> <span class='ocrx_word' id='word_1_100' title='bbox 1029 2004 1143 2073; x_wconf 74' lang='lat' dir='ltr'><strong>ejus</strong></span> <span class='ocrx_word' id='word_1_101' title='bbox 1164 2001 1278 2055; x_wconf 84' lang='lat' dir='ltr'><strong>dili·</strong></span> 
     </span>
     <span class='ocr_line' id='line_1_20' title="bbox 251 2082 1277 2152; baseline 0 -19"><span class='ocrx_word' id='word_1_102' title='bbox 251 2082 442 2152; x_wconf 73' lang='lat' dir='ltr'><strong>gentian</strong></span> <span class='ocrx_word' id='word_1_103' title='bbox 471 2082 746 2151; x_wconf 79' lang='lat' dir='ltr'><strong>negotium</strong></span> <span class='ocrx_word' id='word_1_104' title='bbox 773 2082 942 2133; x_wconf 78' lang='lat' dir='ltr'><strong>faciat.</strong></span> <span class='ocrx_word' id='word_1_105' title='bbox 973 2082 1066 2133; x_wconf 77' lang='lat' dir='ltr'><strong>Est</strong></span> <span class='ocrx_word' id='word_1_106' title='bbox 1103 2082 1277 2151; x_wconf 84' lang='lat' dir='ltr'><strong>itaque</strong></span> 
     </span>
     <span class='ocr_line' id='line_1_21' title="bbox 251 2158 1276 2224; baseline 0 -11"><span class='ocrx_word' id='word_1_107' title='bbox 251 2158 543 2214; x_wconf 77' lang='lat' dir='ltr'><strong>retexenda</strong></span> <span class='ocrx_word' id='word_1_108' title='bbox 569 2161 750 2213; x_wconf 82' lang='lat' dir='ltr'><strong>charta</strong></span> <span class='ocrx_word' id='word_1_109' title='bbox 763 2199 778 2224; x_wconf 97' lang='lat'><strong>,</strong></span> <span class='ocrx_word' id='word_1_110' title='bbox 805 2172 860 2212; x_wconf 89' lang='lat' dir='ltr'><strong>et</strong></span> <span class='ocrx_word' id='word_1_111' title='bbox 880 2158 1066 2213; x_wconf 89' lang='lat' dir='ltr'><strong>eodem</strong></span> <span class='ocrx_word' id='word_1_112' title='bbox 1093 2161 1276 2213; x_wconf 83' lang='lat' dir='ltr'><strong>labore</strong></span> 
     </span>
     <span class='ocr_line' id='line_1_22' title="bbox 253 2238 1276 2311; baseline -0.001 -19"><span class='ocrx_word' id='word_1_113' title='bbox 253 2238 524 2293; x_wconf 83' lang='lat' dir='ltr'><strong>domanda</strong></span> <span class='ocrx_word' id='word_1_114' title='bbox 539 2280 556 2305; x_wconf 90' lang='lat'><strong>,</strong></span> <span class='ocrx_word' id='word_1_115' title='bbox 583 2253 746 2311; x_wconf 89' lang='lat' dir='ltr'><strong>atque</strong></span> <span class='ocrx_word' id='word_1_116' title='bbox 767 2238 1147 2310; x_wconf 82' lang='lat' dir='ltr'><strong>pervincenda,</strong></span> <span class='ocrx_word' id='word_1_117' title='bbox 1168 2258 1276 2310; x_wconf 87' lang='lat' dir='ltr'><strong>quo</strong></span> 
     </span>
     <span class='ocr_line' id='line_1_23' title="bbox 251 2316 1278 2391; baseline -0.002 -18"><span class='ocrx_word' id='word_1_118' title='bbox 251 2321 416 2391; x_wconf 81' lang='lat' dir='ltr'><strong>priua.</strong></span> <span class='ocrx_word' id='word_1_119' title='bbox 469 2320 664 2372; x_wconf 72' lang='lat' dir='ltr'><strong>Malleo</strong></span> <span class='ocrx_word' id='word_1_120' title='bbox 712 2316 1131 2389; x_wconf 81' lang='lat' dir='ltr'><strong>deprehenditur</strong></span> <span class='ocrx_word' id='word_1_121' title='bbox 1173 2320 1278 2371; x_wconf 89' lang='lat' dir='ltr'><strong>hoc</strong></span> 
     </span>
     <span class='ocr_line' id='line_1_24' title="bbox 253 2397 1276 2470; baseline -0.001 -19"><span class='ocrx_word' id='word_1_122' title='bbox 253 2400 446 2451; x_wconf 76' lang='lat' dir='ltr'><strong>vitium</strong></span> <span class='ocrx_word' id='word_1_123' title='bbox 468 2439 487 2464; x_wconf 86' lang='lat'><strong>‚</strong></span> <span class='ocrx_word' id='word_1_124' title='bbox 524 2412 616 2452; x_wconf 85' lang='lat' dir='ltr'><strong>aut</strong></span> <span class='ocrx_word' id='word_1_125' title='bbox 643 2397 790 2470; x_wconf 89' lang='lat' dir='ltr'><strong>quod</strong></span> <span class='ocrx_word' id='word_1_126' title='bbox 821 2398 1164 2451; x_wconf 81' lang='lat' dir='ltr'><strong>eminentiora</strong></span> <span class='ocrx_word' id='word_1_127' title='bbox 1193 2411 1276 2450; x_wconf 85' lang='lat' dir='ltr'><strong>tu·</strong></span> 
     </span>
     <span class='ocr_line' id='line_1_25' title="bbox 249 2478 1280 2550; baseline -0.003 -18"><span class='ocrx_word' id='word_1_128' title='bbox 249 2478 376 2533; x_wconf 83' lang='lat' dir='ltr'><strong>bera</strong></span> <span class='ocrx_word' id='word_1_129' title='bbox 389 2518 408 2545; x_wconf 92' lang='lat'><strong>,</strong></span> <span class='ocrx_word' id='word_1_130' title='bbox 439 2478 900 2550; x_wconf 58' lang='lat' dir='ltr'><strong>depressioneque</strong></span> <span class='ocrx_word' id='word_1_131' title='bbox 929 2478 1142 2531; x_wconf 78' lang='lat' dir='ltr'><strong>lacunas</strong></span> <span class='ocrx_word' id='word_1_132' title='bbox 1171 2478 1280 2548; x_wconf 84' lang='lat' dir='ltr'><strong>pla-</strong></span> 
     </span>
     <span class='ocr_line' id='line_1_26' title="bbox 249 2558 1280 2628; baseline -0.003 -17"><span class='ocrx_word' id='word_1_133' title='bbox 249 2560 530 2628; x_wconf 80' lang='lat' dir='ltr'><strong>gularum,</strong></span> <span class='ocrx_word' id='word_1_134' title='bbox 571 2558 816 2628; x_wconf 64' lang='lat' dir='ltr'><strong>inequali</strong></span> <span class='ocrx_word' id='word_1_135' title='bbox 862 2575 1114 2626; x_wconf 75' lang='lat' dir='ltr'><strong>percussu</strong></span> <span class='ocrx_word' id='word_1_136' title='bbox 1164 2570 1280 2609; x_wconf 87' lang='lat' dir='ltr'><strong>tun·</strong></span> 
     </span>
     <span class='ocr_line' id='line_1_27' title="bbox 250 2634 1279 2701; baseline -0.001 -10"><span class='ocrx_word' id='word_1_137' title='bbox 250 2638 373 2701; x_wconf 80' lang='lat' dir='ltr'><strong>dat,</strong></span> <span class='ocrx_word' id='word_1_138' title='bbox 402 2650 458 2691; x_wconf 87' lang='lat' dir='ltr'><strong>et</strong></span> <span class='ocrx_word' id='word_1_139' title='bbox 483 2640 762 2690; x_wconf 75' lang='lat' dir='ltr'><strong>invenusta</strong></span> <span class='ocrx_word' id='word_1_140' title='bbox 783 2634 1116 2689; x_wconf 75' lang='lat' dir='ltr'><strong>deformitate</strong></span> <span class='ocrx_word' id='word_1_141' title='bbox 1142 2649 1279 2690; x_wconf 71' lang='lat' dir='ltr'><strong>tusas</strong></span> 
     </span>
     <span class='ocr_line' id='line_1_28' title="bbox 251 2714 1275 2787; baseline -0.002 -18"><span class='ocrx_word' id='word_1_142' title='bbox 251 2715 519 2771; x_wconf 72' lang='lat' dir='ltr'><strong>ostendat.</strong></span> <span class='ocrx_word' id='word_1_143' title='bbox 547 2714 736 2769; x_wconf 86' lang='lat' dir='ltr'><strong>Prodit</strong></span> <span class='ocrx_word' id='word_1_144' title='bbox 759 2717 1040 2787; x_wconf 78' lang='lat' dir='ltr'><strong>arguitque</strong></span> <span class='ocrx_word' id='word_1_145' title='bbox 1057 2734 1172 2768; x_wconf 87' lang='lat' dir='ltr'><strong>eam</strong></span> <span class='ocrx_word' id='word_1_146' title='bbox 1199 2716 1275 2768; x_wconf 83' lang='lat' dir='ltr'><strong>la-</strong></span> 
     </span>
     <span class='ocr_line' id='line_1_29' title="bbox 251 2794 1278 2867; baseline -0.002 -18"><span class='ocrx_word' id='word_1_147' title='bbox 251 2798 378 2849; x_wconf 83' lang='lat' dir='ltr'><strong>bem</strong></span> <span class='ocrx_word' id='word_1_148' title='bbox 407 2798 570 2850; x_wconf 84' lang='lat' dir='ltr'><strong>etiam</strong></span> <span class='ocrx_word' id='word_1_149' title='bbox 595 2794 756 2858; x_wconf 87' lang='lat' dir='ltr'><strong>odor,</strong></span> <span class='ocrx_word' id='word_1_150' title='bbox 781 2796 962 2849; x_wconf 85' lang='lat' dir='ltr'><strong>charta</strong></span> <span class='ocrx_word' id='word_1_151' title='bbox 985 2795 1278 2867; x_wconf 66' lang='lat' dir='ltr'><strong>presertim</strong></span> 
     </span>
     <span class='ocr_line' id='line_1_30' title="bbox 251 2875 1278 2946; baseline -0.001 -18"><span class='ocrx_word' id='word_1_152' title='bbox 251 2876 608 2946; x_wconf 75' lang='lat' dir='ltr'><strong>negligentius</strong></span> <span class='ocrx_word' id='word_1_153' title='bbox 665 2875 818 2945; x_wconf 83' lang='lat' dir='ltr'><strong>prelo</strong></span> <span class='ocrx_word' id='word_1_154' title='bbox 874 2892 1168 2945; x_wconf 76' lang='lat' dir='ltr'><strong>compressa</strong></span> <span class='ocrx_word' id='word_1_155' title='bbox 1225 2888 1278 2927; x_wconf 87' lang='lat' dir='ltr'><strong>et</strong></span> 
     </span>
     <span class='ocr_line' id='line_1_31' title="bbox 252 2952 1277 3019; baseline -0.001 -12"><span class='ocrx_word' id='word_1_156' title='bbox 252 2955 474 3019; x_wconf 70' lang='lat' dir='ltr'><strong>siccata,</strong></span> <span class='ocrx_word' id='word_1_157' title='bbox 505 2953 780 3018; x_wconf 75' lang='lat' dir='ltr'><strong>mucidus,</strong></span> <span class='ocrx_word' id='word_1_158' title='bbox 802 2953 1034 3017; x_wconf 68' lang='lat' dir='ltr'><strong>virosus,</strong></span> <span class='ocrx_word' id='word_1_159' title='bbox 1065 2952 1277 3007; x_wconf 78' lang='lat' dir='ltr'><strong>foetidua</strong></span> 
     </span>
     <span class='ocr_line' id='line_1_32' title="bbox 253 3033 1280 3105; baseline -0.002 -18"><span class='ocrx_word' id='word_1_160' title='bbox 253 3046 594 3105; x_wconf 72' lang='lat' dir='ltr'><strong>putrescente</strong></span> <span class='ocrx_word' id='word_1_161' title='bbox 611 3051 676 3085; x_wconf 84' lang='lat' dir='ltr'><strong>ac</strong></span> <span class='ocrx_word' id='word_1_162' title='bbox 703 3033 860 3085; x_wconf 74' lang='lat' dir='ltr'><strong>situm</strong></span> <span class='ocrx_word' id='word_1_163' title='bbox 889 3034 1064 3085; x_wconf 84' lang='lat' dir='ltr'><strong>olente</strong></span> <span class='ocrx_word' id='word_1_164' title='bbox 1091 3034 1280 3085; x_wconf 86' lang='lat' dir='ltr'><strong>humo-</strong></span> 
     </span>
     <span class='ocr_line' id='line_1_33' title="bbox 253 3112 1277 3185; baseline -0.003 -18"><span class='ocrx_word' id='word_1_165' title='bbox 253 3132 315 3167; x_wconf 74' lang='lat' dir='ltr'><strong>re</strong></span> <span class='ocrx_word' id='word_1_166' title='bbox 333 3154 350 3179; x_wconf 96' lang='lat'><strong>,</strong></span> <span class='ocrx_word' id='word_1_167' title='bbox 385 3114 478 3185; x_wconf 89' lang='lat' dir='ltr'><strong>qui</strong></span> <span class='ocrx_word' id='word_1_168' title='bbox 519 3130 622 3165; x_wconf 89' lang='lat' dir='ltr'><strong>nec</strong></span> <span class='ocrx_word' id='word_1_169' title='bbox 653 3112 804 3183; x_wconf 85' lang='lat' dir='ltr'><strong>prelo</strong></span> <span class='ocrx_word' id='word_1_170' title='bbox 842 3124 920 3165; x_wconf 82' lang='lat' dir='ltr'><strong>est</strong></span> <span class='ocrx_word' id='word_1_171' title='bbox 953 3112 1142 3176; x_wconf 74' lang='lat' dir='ltr'><strong>elisua,</strong></span> <span class='ocrx_word' id='word_1_172' title='bbox 1179 3130 1277 3165; x_wconf 84' lang='lat' dir='ltr'><strong>nee</strong></span> 
     </span>
     <span class='ocr_line' id='line_1_34' title="bbox 253 3190 1276 3262; baseline 0.001 -18"><span class='ocrx_word' id='word_1_173' title='bbox 253 3194 482 3246; x_wconf 68' lang='lat' dir='ltr'><strong>insolata</strong></span> <span class='ocrx_word' id='word_1_174' title='bbox 513 3190 814 3261; x_wconf 68' lang='lat' dir='ltr'><strong>disciputus.</strong></span> <span class='ocrx_word' id='word_1_175' title='bbox 850 3192 1054 3262; x_wconf 69' lang='lat' dir='ltr'><strong>lentigo</strong></span> <span class='ocrx_word' id='word_1_176' title='bbox 1072 3191 1276 3245; x_wconf 81' lang='lat' dir='ltr'><strong>macula</strong></span> 
     </span>
     <span class='ocr_line' id='line_1_35' title="bbox 255 3270 1273 3343; baseline -0.002 -18"><span class='ocrx_word' id='word_1_177' title='bbox 255 3284 333 3325; x_wconf 72' lang='lat' dir='ltr'><strong>eat</strong></span> <span class='ocrx_word' id='word_1_178' title='bbox 358 3274 664 3325; x_wconf 74' lang='lat' dir='ltr'><strong>chartarum</strong></span> <span class='ocrx_word' id='word_1_179' title='bbox 679 3270 902 3341; x_wconf 74' lang='lat' dir='ltr'><strong>plagulis</strong></span> <span class='ocrx_word' id='word_1_180' title='bbox 929 3288 1134 3343; x_wconf 73' lang='lat' dir='ltr'><strong>aspersa</strong></span> <span class='ocrx_word' id='word_1_181' title='bbox 1147 3309 1163 3335; x_wconf 89' lang='lat'><strong>,</strong></span> <span class='ocrx_word' id='word_1_182' title='bbox 1183 3290 1273 3323; x_wconf 84' lang='lat' dir='ltr'><strong>co-</strong></span> 
     </span>
     <span class='ocr_line' id='line_1_36' title="bbox 255 3350 1273 3421; baseline -0.002 -18"><span class='ocrx_word' id='word_1_183' title='bbox 255 3351 370 3405; x_wconf 88' lang='lat' dir='ltr'><strong>lore</strong></span> <span class='ocrx_word' id='word_1_184' title='bbox 411 3352 566 3415; x_wconf 78' lang='lat' dir='ltr'><strong>rufa,</strong></span> <span class='ocrx_word' id='word_1_185' title='bbox 615 3350 696 3402; x_wconf 84' lang='lat' dir='ltr'><strong>vel</strong></span> <span class='ocrx_word' id='word_1_186' title='bbox 731 3350 974 3413; x_wconf 71' lang='lat' dir='ltr'><strong>subrufa,</strong></span> <span class='ocrx_word' id='word_1_187' title='bbox 1019 3350 1188 3421; x_wconf 73' lang='lat' dir='ltr'><strong>qualis</strong></span> <span class='ocrx_word' id='word_1_188' title='bbox 1217 3350 1273 3402; x_wconf 88' lang='lat' dir='ltr'><strong>in</strong></span> 
     </span>
     <span class='ocr_line' id='line_1_37' title="bbox 253 3428 1276 3500; baseline -0.003 -17"><span class='ocrx_word' id='word_1_189' title='bbox 253 3432 538 3484; x_wconf 83' lang='lat' dir='ltr'><strong>hominum</strong></span> <span class='ocrx_word' id='word_1_190' title='bbox 575 3446 673 3481; x_wconf 87' lang='lat' dir='ltr'><strong>ore</strong></span> <span class='ocrx_word' id='word_1_191' title='bbox 704 3428 1047 3500; x_wconf 74' lang='lat' dir='ltr'><strong>conspicitur.</strong></span> <span class='ocrx_word' id='word_1_192' title='bbox 1077 3428 1276 3483; x_wconf 65' lang='lat' dir='ltr'><strong>Gracia</strong></span> 
     </span>
     <span class='ocr_line' id='line_1_38' title="bbox 254 3508 1274 3578; baseline -0.003 -15"><span class='ocrx_word' id='word_1_193' title='bbox 254 3512 420 3578; x_wconf 65' lang='grc' dir='ltr'><strong>φακός.</strong></span> <span class='ocrx_word' id='word_1_194' title='bbox 474 3510 570 3561; x_wconf 80' lang='lat' dir='ltr'><strong>Ab</strong></span> <span class='ocrx_word' id='word_1_195' title='bbox 617 3527 680 3561; x_wconf 87' lang='lat' dir='ltr'><strong>ea</strong></span> <span class='ocrx_word' id='word_1_196' title='bbox 722 3508 856 3562; x_wconf 81' lang='lat' dir='ltr'><strong>facie</strong></span> <span class='ocrx_word' id='word_1_197' title='bbox 896 3510 1084 3562; x_wconf 80' lang='lat' dir='ltr'><strong>erebra</strong></span> <span class='ocrx_word' id='word_1_198' title='bbox 1105 3510 1274 3569; x_wconf 75' lang='grc' dir='ltr'><strong>Φακᾶς</strong></span> 
     </span>
     <span class='ocr_line' id='line_1_39' title="bbox 251 3586 1276 3658; baseline -0.002 -17"><span class='ocrx_word' id='word_1_199' title='bbox 251 3588 625 3652; x_wconf 68' lang='lat' dir='ltr'><strong>Dioscorides,</strong></span> <span class='ocrx_word' id='word_1_200' title='bbox 651 3600 866 3641; x_wconf 83' lang='lat' dir='ltr'><strong>auctore</strong></span> <span class='ocrx_word' id='word_1_201' title='bbox 878 3586 1056 3654; x_wconf 84' lang='lat' dir='ltr'><strong>Suida,</strong></span> <span class='ocrx_word' id='word_1_202' title='bbox 1083 3604 1276 3658; x_wconf 73' lang='lat' dir='ltr'><strong>eogno-</strong></span> 
     </span>
     <span class='ocr_line' id='line_1_40' title="bbox 249 3667 1276 3738; baseline -0.002 -18"><span class='ocrx_word' id='word_1_203' title='bbox 249 3669 484 3723; x_wconf 78' lang='lat' dir='ltr'><strong>minatua</strong></span> <span class='ocrx_word' id='word_1_204' title='bbox 503 3668 698 3722; x_wconf 75' lang='lat' dir='ltr'><strong>eat.1n</strong></span> <span class='ocrx_word' id='word_1_205' title='bbox 728 3667 908 3721; x_wconf 70' lang='lat' dir='ltr'><strong>charta</strong></span> <span class='ocrx_word' id='word_1_206' title='bbox 925 3685 1052 3738; x_wconf 81' lang='lat' dir='ltr'><strong>ergo</strong></span> <span class='ocrx_word' id='word_1_207' title='bbox 1075 3684 1276 3731; x_wconf 67' lang='lat' dir='ltr'><strong>navos,</strong></span> 
     </span>
    </p>

    <p class='ocr_par' dir='ltr' id='par_1_7' title="bbox 245 3746 1276 3897">
     <span class='ocr_line' id='line_1_41' title="bbox 247 3746 1276 3816; baseline -0.005 -14"><span class='ocrx_word' id='word_1_208' title='bbox 247 3748 428 3801; x_wconf 69' lang='lat' dir='ltr'><strong>sordeo</strong></span> <span class='ocrx_word' id='word_1_209' title='bbox 437 3788 456 3813; x_wconf 94' lang='lat'><strong>,</strong></span> <span class='ocrx_word' id='word_1_210' title='bbox 469 3746 750 3801; x_wconf 74' lang='lat' dir='ltr'><strong>decolores</strong></span> <span class='ocrx_word' id='word_1_211' title='bbox 762 3758 1082 3816; x_wconf 87' lang='lat' dir='ltr'><strong>punctorum</strong></span> <span class='ocrx_word' id='word_1_212' title='bbox 1098 3756 1276 3809; x_wconf 75' lang='lat' dir='ltr'><strong>notas,</strong></span> 
     </span>
     <span class='ocr_line' id='line_1_42' title="bbox 245 3826 1277 3897; baseline -0.007 -15"><span class='ocrx_word' id='word_1_213' title='bbox 245 3840 298 3882; x_wconf 80' lang='lat' dir='ltr'><strong>et</strong></span> <span class='ocrx_word' id='word_1_214' title='bbox 319 3828 622 3883; x_wconf 74' lang='lat' dir='ltr'><strong>maculosas</strong></span> <span class='ocrx_word' id='word_1_215' title='bbox 635 3826 784 3879; x_wconf 75' lang='lat' dir='ltr'><strong>velut</strong></span> <span class='ocrx_word' id='word_1_216' title='bbox 809 3826 1110 3897; x_wconf 70' lang='lat' dir='ltr'><strong>aspergines</strong></span> <span class='ocrx_word' id='word_1_217' title='bbox 1137 3826 1277 3875; x_wconf 76' lang='lat' dir='ltr'><strong>lenti-</strong></span> 
     </span>
    </p>

    <p class='ocr_par' dir='ltr' id='par_1_8' title="bbox 241 3904 1275 3977">
     <span class='ocr_line' id='line_1_43' title="bbox 241 3904 1275 3977; baseline -0.005 -17"><span class='ocrx_word' id='word_1_218' title='bbox 241 3911 404 3977; x_wconf 72' lang='lat' dir='ltr'><strong>ginem</strong></span> <span class='ocrx_word' id='word_1_219' title='bbox 429 3906 646 3959; x_wconf 76' lang='lat' dir='ltr'><strong>Plinius</strong></span> <span class='ocrx_word' id='word_1_220' title='bbox 685 3917 874 3957; x_wconf 73' lang='lat' dir='ltr'><strong>vocat:</strong></span> <span class='ocrx_word' id='word_1_221' title='bbox 905 3922 1022 3976; x_wconf 59' lang='lat' dir='ltr'><strong>quai</strong></span> <span class='ocrx_word' id='word_1_222' title='bbox 1047 3904 1275 3966; x_wconf 83' lang='lat' dir='ltr'><strong>fiebant,</strong></span> 
     </span>
    </p>

    <p class='ocr_par' dir='ltr' id='par_1_9' title="bbox 241 3942 1276 4056">
     <span class='ocr_line' id='line_1_44' title="bbox 241 3942 1276 4056; baseline -0.004 -17"><span class='ocrx_word' id='word_1_223' title='bbox 241 3986 374 4041; x_wconf 85' lang='lat' dir='ltr'><strong>dum</strong></span> <span class='ocrx_word' id='word_1_224' title='bbox 405 3984 888 4056; x_wconf 65' lang='lat' dir='ltr'><strong>compingerentur</strong></span> <span class='ocrx_word' id='word_1_225' title='bbox 913 3982 1128 4050; x_wconf 78' lang='lat' dir='ltr'><strong>coria,si</strong></span> <span class='ocrx_word' id='word_1_226' title='bbox 1148 3942 1276 4053; x_wconf 82' lang='lat' dir='ltr'><strong>quid</strong></span> 
     </span>
    </p>
   </div>
   <div class='ocr_carea' id='block_1_5' title="bbox 1323 853 2375 968">
    <p class='ocr_par' dir='ltr' id='par_1_10' title="bbox 1323 853 2375 968">
     <span class='ocr_line' id='line_1_45' title="bbox 1323 853 2375 968; baseline 0.005 -22"><span class='ocrx_word' id='word_1_227' title='bbox 1323 960 1332 966; x_wconf 36' lang='grc' dir='ltr'>ι</span> <span class='ocrx_word' id='word_1_228' title='bbox 1359 896 1661 950; x_wconf 83' lang='lat' dir='ltr'><strong>illaberetur</strong></span> <span class='ocrx_word' id='word_1_229' title='bbox 1673 853 1934 968; x_wconf 74' lang='lat' dir='ltr'><strong>impurius</strong></span> <span class='ocrx_word' id='word_1_230' title='bbox 1944 934 1961 965; x_wconf 87' lang='lat'><strong>,</strong></span> <span class='ocrx_word' id='word_1_231' title='bbox 1976 895 2123 967; x_wconf 90' lang='lat' dir='ltr'><strong>quod</strong></span> <span class='ocrx_word' id='word_1_232' title='bbox 2135 897 2375 965; x_wconf 69' lang='lat' dir='ltr'><strong>nativum</strong></span> 
     </span>
    </p>
   </div>
   <div class='ocr_carea' id='block_1_6' title="bbox 1358 974 2399 4050">
    <p class='ocr_par' dir='ltr' id='par_1_11' title="bbox 1359 974 2399 3104">
     <span class='ocr_line' id='line_1_46' title="bbox 1361 974 2374 1049; baseline 0.004 -24"><span class='ocrx_word' id='word_1_233' title='bbox 1361 974 1594 1028; x_wconf 88' lang='lat' dir='ltr'><strong>colorem</strong></span> <span class='ocrx_word' id='word_1_234' title='bbox 1624 977 1957 1047; x_wconf 82' lang='lat' dir='ltr'><strong>inquinaret,</strong></span> <span class='ocrx_word' id='word_1_235' title='bbox 1986 988 2075 1029; x_wconf 86' lang='lat' dir='ltr'><strong>aut</strong></span> <span class='ocrx_word' id='word_1_236' title='bbox 2096 976 2137 1028; x_wconf 80' lang='lat' dir='ltr'><strong>si</strong></span> <span class='ocrx_word' id='word_1_237' title='bbox 2168 976 2299 1049; x_wconf 89' lang='lat' dir='ltr'><strong>quid</strong></span> <span class='ocrx_word' id='word_1_238' title='bbox 2318 978 2374 1029; x_wconf 88' lang='lat' dir='ltr'><strong>in</strong></span> 
     </span>
     <span class='ocr_line' id='line_1_47' title="bbox 1359 1052 2374 1125; baseline 0.002 -20"><span class='ocrx_word' id='word_1_239' title='bbox 1359 1052 1571 1107; x_wconf 77' lang='lat' dir='ltr'><strong>schedia</strong></span> <span class='ocrx_word' id='word_1_240' title='bbox 1594 1068 1895 1108; x_wconf 74' lang='lat' dir='ltr'><strong>contortum</strong></span> <span class='ocrx_word' id='word_1_241' title='bbox 1924 1068 1976 1109; x_wconf 91' lang='lat' dir='ltr'><strong>et</strong></span> <span class='ocrx_word' id='word_1_242' title='bbox 2006 1056 2374 1125; x_wconf 82' lang='lat' dir='ltr'><strong>conglobatum</strong></span> 
     </span>
     <span class='ocr_line' id='line_1_48' title="bbox 1359 1132 2374 1188; baseline 0.004 -5"><span class='ocrx_word' id='word_1_243' title='bbox 1359 1132 1593 1185; x_wconf 77' lang='lat' dir='ltr'><strong>chartam</strong></span> <span class='ocrx_word' id='word_1_244' title='bbox 1630 1134 1928 1188; x_wconf 77' lang='lat' dir='ltr'><strong>infuscaret.</strong></span> <span class='ocrx_word' id='word_1_245' title='bbox 1973 1134 2156 1187; x_wconf 74' lang='lat' dir='ltr'><strong>Oculis</strong></span> <span class='ocrx_word' id='word_1_246' title='bbox 2192 1134 2249 1187; x_wconf 91' lang='lat' dir='ltr'><strong>id</strong></span> <span class='ocrx_word' id='word_1_247' title='bbox 2285 1154 2374 1187; x_wconf 88' lang='lat' dir='ltr'><strong>co·</strong></span> 
     </span>
     <span class='ocr_line' id='line_1_49' title="bbox 1359 1212 2372 1284; baseline 0.004 -21"><span class='ocrx_word' id='word_1_248' title='bbox 1359 1212 1709 1281; x_wconf 78' lang='lat' dir='ltr'><strong>gnoscebatur</strong></span> <span class='ocrx_word' id='word_1_249' title='bbox 1734 1250 1751 1277; x_wconf 89' lang='lat'>‚</span> <span class='ocrx_word' id='word_1_250' title='bbox 1796 1214 1881 1266; x_wconf 78' lang='lat' dir='ltr'><strong>vel</strong></span> <span class='ocrx_word' id='word_1_251' title='bbox 1922 1214 2155 1284; x_wconf 76' lang='lat' dir='ltr'><strong>perfecta</strong></span> <span class='ocrx_word' id='word_1_252' title='bbox 2199 1216 2372 1267; x_wconf 80' lang='lat' dir='ltr'><strong>statim</strong></span> 
     </span>
     <span class='ocr_line' id='line_1_50' title="bbox 1362 1290 2371 1363; baseline 0.003 -20"><span class='ocrx_word' id='word_1_253' title='bbox 1362 1290 1537 1343; x_wconf 85' lang='lat' dir='ltr'><strong>charta</strong></span> <span class='ocrx_word' id='word_1_254' title='bbox 1555 1329 1571 1355; x_wconf 89' lang='lat'><strong>,</strong></span> <span class='ocrx_word' id='word_1_255' title='bbox 1593 1293 1635 1343; x_wconf 85' lang='lat' dir='ltr'><strong>si</strong></span> <span class='ocrx_word' id='word_1_256' title='bbox 1660 1291 1877 1345; x_wconf 75' lang='lat' dir='ltr'><strong>maculae</strong></span> <span class='ocrx_word' id='word_1_257' title='bbox 1893 1293 1949 1344; x_wconf 91' lang='lat' dir='ltr'><strong>in</strong></span> <span class='ocrx_word' id='word_1_258' title='bbox 1971 1305 2155 1363; x_wconf 85' lang='lat' dir='ltr'><strong>aperto</strong></span> <span class='ocrx_word' id='word_1_259' title='bbox 2175 1294 2371 1355; x_wconf 77' lang='lat' dir='ltr'><strong>forent,</strong></span> 
     </span>
     <span class='ocr_line' id='line_1_51' title="bbox 1360 1368 2379 1442; baseline 0.004 -22"><span class='ocrx_word' id='word_1_260' title='bbox 1360 1370 1446 1421; x_wconf 79' lang='lat' dir='ltr'><strong>vel</strong></span> <span class='ocrx_word' id='word_1_261' title='bbox 1468 1368 1534 1421; x_wconf 88' lang='lat' dir='ltr'><strong>ad</strong></span> <span class='ocrx_word' id='word_1_262' title='bbox 1558 1370 1721 1423; x_wconf 75' lang='lat' dir='ltr'><strong>solem</strong></span> <span class='ocrx_word' id='word_1_263' title='bbox 1752 1371 2004 1442; x_wconf 80' lang='lat' dir='ltr'><strong>explicata</strong></span> <span class='ocrx_word' id='word_1_264' title='bbox 2021 1410 2037 1439; x_wconf 90' lang='lat'><strong>,</strong></span> <span class='ocrx_word' id='word_1_265' title='bbox 2058 1374 2101 1424; x_wconf 77' lang='lat' dir='ltr'><strong>si</strong></span> <span class='ocrx_word' id='word_1_266' title='bbox 2125 1371 2281 1425; x_wconf 75' lang='lat' dir='ltr'><strong>altius</strong></span> <span class='ocrx_word' id='word_1_267' title='bbox 2298 1373 2379 1424; x_wconf 88' lang='lat' dir='ltr'><strong>in·</strong></span> 
     </span>
     <span class='ocr_line' id='line_1_52' title="bbox 1361 1446 2375 1523; baseline 0.003 -23"><span class='ocrx_word' id='word_1_268' title='bbox 1361 1446 1609 1502; x_wconf 71' lang='lat' dir='ltr'><strong>siderent.</strong></span> <span class='ocrx_word' id='word_1_269' title='bbox 1642 1450 1907 1515; x_wconf 84' lang='lat' dir='ltr'><strong>Quartum</strong></span> <span class='ocrx_word' id='word_1_270' title='bbox 1952 1465 2004 1505; x_wconf 84' lang='lat' dir='ltr'><strong>et</strong></span> <span class='ocrx_word' id='word_1_271' title='bbox 2046 1464 2375 1523; x_wconf 78' lang='lat' dir='ltr'><strong>postremum</strong></span> 
     </span>
     <span class='ocr_line' id='line_1_53' title="bbox 1362 1527 2376 1594; baseline 0.005 -16"><span class='ocrx_word' id='word_1_272' title='bbox 1362 1527 1552 1581; x_wconf 80' lang='lat' dir='ltr'><strong>vitium</strong></span> <span class='ocrx_word' id='word_1_273' title='bbox 1584 1534 1729 1581; x_wconf 79' lang='lat' dir='ltr'><strong>toenia</strong></span> <span class='ocrx_word' id='word_1_274' title='bbox 1774 1540 1877 1586; x_wconf 83' lang='lat' dir='ltr'><strong>est,</strong></span> <span class='ocrx_word' id='word_1_275' title='bbox 1928 1549 2037 1582; x_wconf 88' lang='lat' dir='ltr'><strong>non</strong></span> <span class='ocrx_word' id='word_1_276' title='bbox 2054 1571 2070 1594; x_wconf 91' lang='lat'><em>‚</em></span> <span class='ocrx_word' id='word_1_277' title='bbox 2132 1543 2190 1583; x_wconf 87' lang='lat' dir='ltr'><strong>ut</strong></span> <span class='ocrx_word' id='word_1_278' title='bbox 2229 1543 2376 1583; x_wconf 89' lang='lat' dir='ltr'><strong>retur</strong></span> 
     </span>
     <span class='ocr_line' id='line_1_54' title="bbox 1363 1605 2371 1676; baseline 0.003 -17"><span class='ocrx_word' id='word_1_279' title='bbox 1363 1605 1765 1674; x_wconf 75' lang='lat' dir='ltr'><strong>Gufflandinus,</strong></span> <span class='ocrx_word' id='word_1_280' title='bbox 1789 1607 2004 1676; x_wconf 85' lang='lat' dir='ltr'><strong>philura</strong></span> <span class='ocrx_word' id='word_1_281' title='bbox 2019 1645 2038 1672; x_wconf 82' lang='lat'><em>‚</em></span> <span class='ocrx_word' id='word_1_282' title='bbox 2052 1609 2137 1660; x_wconf 81' lang='lat' dir='ltr'><strong>vel</strong></span> <span class='ocrx_word' id='word_1_283' title='bbox 2156 1608 2371 1671; x_wconf 78' lang='lat' dir='ltr'><strong>scheda,</strong></span> 
     </span>
     <span class='ocr_line' id='line_1_55' title="bbox 1362 1685 2375 1759; baseline 0.005 -23"><span class='ocrx_word' id='word_1_284' title='bbox 1362 1685 1457 1737; x_wconf 76' lang='lat' dir='ltr'><strong>aed</strong></span> <span class='ocrx_word' id='word_1_285' title='bbox 1478 1686 1739 1758; x_wconf 75' lang='lat' dir='ltr'><strong>oblongus</strong></span> <span class='ocrx_word' id='word_1_286' title='bbox 1765 1700 1817 1738; x_wconf 86' lang='lat' dir='ltr'><strong>et</strong></span> <span class='ocrx_word' id='word_1_287' title='bbox 1840 1694 2091 1758; x_wconf 73' lang='lat' dir='ltr'><strong>angustus</strong></span> <span class='ocrx_word' id='word_1_288' title='bbox 2107 1688 2165 1740; x_wconf 92' lang='lat' dir='ltr'><strong>in</strong></span> <span class='ocrx_word' id='word_1_289' title='bbox 2185 1690 2375 1759; x_wconf 79' lang='lat' dir='ltr'><strong>plagu-</strong></span> 
     </span>
     <span class='ocr_line' id='line_1_56' title="bbox 1359 1764 2375 1838; baseline 0.001 -23"><span class='ocrx_word' id='word_1_290' title='bbox 1359 1764 1427 1818; x_wconf 77' lang='lat' dir='ltr'><strong>lis</strong></span> <span class='ocrx_word' id='word_1_291' title='bbox 1447 1764 1665 1829; x_wconf 73' lang='lat' dir='ltr'><strong>duetus,</strong></span> <span class='ocrx_word' id='word_1_292' title='bbox 1700 1765 1849 1819; x_wconf 87' lang='lat' dir='ltr'><strong>nullo</strong></span> <span class='ocrx_word' id='word_1_293' title='bbox 1877 1768 2107 1838; x_wconf 79' lang='lat' dir='ltr'><strong>glutine,</strong></span> <span class='ocrx_word' id='word_1_294' title='bbox 2138 1781 2229 1821; x_wconf 88' lang='lat' dir='ltr'><strong>aut</strong></span> <span class='ocrx_word' id='word_1_295' title='bbox 2254 1770 2375 1838; x_wconf 76' lang='lat' dir='ltr'><strong>pin·</strong></span> 
     </span>
     <span class='ocr_line' id='line_1_57' title="bbox 1361 1844 2376 1919; baseline 0.003 -23"><span class='ocrx_word' id='word_1_296' title='bbox 1361 1844 1452 1919; x_wconf 75' lang='lat' dir='ltr'><strong>guj</strong></span> <span class='ocrx_word' id='word_1_297' title='bbox 1478 1844 1706 1897; x_wconf 85' lang='lat' dir='ltr'><strong>humore</strong></span> <span class='ocrx_word' id='word_1_298' title='bbox 1744 1846 1869 1897; x_wconf 77' lang='lat' dir='ltr'><strong>litus</strong></span> <span class='ocrx_word' id='word_1_299' title='bbox 1889 1886 1903 1909; x_wconf 95' lang='lat'><strong>,</strong></span> <span class='ocrx_word' id='word_1_300' title='bbox 1946 1858 1999 1899; x_wconf 88' lang='lat' dir='ltr'><strong>et</strong></span> <span class='ocrx_word' id='word_1_301' title='bbox 2024 1860 2236 1915; x_wconf 85' lang='lat' dir='ltr'><strong>opertus</strong></span> <span class='ocrx_word' id='word_1_302' title='bbox 2254 1885 2271 1911; x_wconf 95' lang='lat'><strong>,</strong></span> <span class='ocrx_word' id='word_1_303' title='bbox 2320 1847 2376 1899; x_wconf 88' lang='lat' dir='ltr'><strong>in</strong></span> 
     </span>
     <span class='ocr_line' id='line_1_58' title="bbox 1363 1922 2377 1995; baseline 0.003 -20"><span class='ocrx_word' id='word_1_304' title='bbox 1363 1940 1475 1993; x_wconf 90' lang='lat' dir='ltr'><strong>quo</strong></span> <span class='ocrx_word' id='word_1_305' title='bbox 1497 1922 1605 1983; x_wconf 78' lang='lat' dir='ltr'><strong>sola</strong></span> <span class='ocrx_word' id='word_1_306' title='bbox 1641 1924 1835 1995; x_wconf 82' lang='lat' dir='ltr'><strong>papyri</strong></span> <span class='ocrx_word' id='word_1_307' title='bbox 1862 1924 2078 1993; x_wconf 73' lang='lat' dir='ltr'><strong>fungosa</strong></span> <span class='ocrx_word' id='word_1_308' title='bbox 2109 1938 2159 1977; x_wconf 89' lang='lat' dir='ltr'><strong>et</strong></span> <span class='ocrx_word' id='word_1_309' title='bbox 2192 1926 2377 1978; x_wconf 86' lang='lat' dir='ltr'><strong>bibula</strong></span> 
     </span>
     <span class='ocr_line' id='line_1_59' title="bbox 1359 2002 2376 2073; baseline 0.003 -19"><span class='ocrx_word' id='word_1_310' title='bbox 1359 2002 1547 2057; x_wconf 71' lang='lat' dir='ltr'><strong>raritas</strong></span> <span class='ocrx_word' id='word_1_311' title='bbox 1564 2004 1765 2073; x_wconf 77' lang='lat' dir='ltr'><strong>absque</strong></span> <span class='ocrx_word' id='word_1_312' title='bbox 1792 2003 1903 2057; x_wconf 87' lang='lat' dir='ltr'><strong>ullo</strong></span> <span class='ocrx_word' id='word_1_313' title='bbox 1927 2005 2146 2057; x_wconf 88' lang='lat' dir='ltr'><strong>tectorio</strong></span> <span class='ocrx_word' id='word_1_314' title='bbox 2164 2005 2376 2058; x_wconf 76' lang='lat' dir='ltr'><strong>calamia</strong></span> 
     </span>
     <span class='ocr_line' id='line_1_60' title="bbox 1361 2082 2374 2148; baseline 0.003 -15"><span class='ocrx_word' id='word_1_315' title='bbox 1361 2082 1708 2135; x_wconf 76' lang='lat' dir='ltr'><strong>scribentium</strong></span> <span class='ocrx_word' id='word_1_316' title='bbox 1742 2083 1997 2147; x_wconf 84' lang='lat' dir='ltr'><strong>occurrit,</strong></span> <span class='ocrx_word' id='word_1_317' title='bbox 2038 2096 2089 2137; x_wconf 88' lang='lat' dir='ltr'><strong>et</strong></span> <span class='ocrx_word' id='word_1_318' title='bbox 2110 2084 2335 2137; x_wconf 81' lang='lat' dir='ltr'><strong>litteram</strong></span> <span class='ocrx_word' id='word_1_319' title='bbox 2357 2121 2374 2148; x_wconf 94' lang='lat'><strong>,</strong></span> 
     </span>
     <span class='ocr_line' id='line_1_61' title="bbox 1361 2161 2376 2231; baseline 0.002 -18"><span class='ocrx_word' id='word_1_320' title='bbox 1361 2162 1471 2214; x_wconf 78' lang='lat' dir='ltr'><strong>aive</strong></span> <span class='ocrx_word' id='word_1_321' title='bbox 1500 2161 1779 2215; x_wconf 82' lang='lat' dir='ltr'><strong>atramenti</strong></span> <span class='ocrx_word' id='word_1_322' title='bbox 1806 2162 2063 2231; x_wconf 80' lang='lat' dir='ltr'><strong>picturam</strong></span> <span class='ocrx_word' id='word_1_323' title='bbox 2094 2162 2223 2215; x_wconf 89' lang='lat' dir='ltr'><strong>dum</strong></span> <span class='ocrx_word' id='word_1_324' title='bbox 2246 2164 2376 2216; x_wconf 86' lang='lat' dir='ltr'><strong>hau-</strong></span> 
     </span>
     <span class='ocr_line' id='line_1_62' title="bbox 1361 2240 2399 2312; baseline 0.001 -20"><span class='ocrx_word' id='word_1_325' title='bbox 1361 2242 1432 2293; x_wconf 86' lang='lat' dir='ltr'><strong>rit</strong></span> <span class='ocrx_word' id='word_1_326' title='bbox 1442 2279 1459 2303; x_wconf 82' lang='lat'><strong>,</strong></span> <span class='ocrx_word' id='word_1_327' title='bbox 1478 2240 1735 2295; x_wconf 79' lang='lat' dir='ltr'><strong>diffundit</strong></span> <span class='ocrx_word' id='word_1_328' title='bbox 1745 2280 1760 2306; x_wconf 92' lang='lat'><strong>,</strong></span> <span class='ocrx_word' id='word_1_329' title='bbox 1780 2240 1927 2312; x_wconf 88' lang='lat' dir='ltr'><strong>quod</strong></span> <span class='ocrx_word' id='word_1_330' title='bbox 1938 2260 2037 2295; x_wconf 85' lang='lat' dir='ltr'><strong>nec</strong></span> <span class='ocrx_word' id='word_1_331' title='bbox 2048 2243 2157 2295; x_wconf 86' lang='lat' dir='ltr'><strong>ictu</strong></span> <span class='ocrx_word' id='word_1_332' title='bbox 2172 2242 2375 2307; x_wconf 85' lang='lat' dir='ltr'><strong>mallei,</strong></span> <span class='ocrx_word' id='word_1_333' title='bbox 2394 2250 2399 2255; x_wconf 83' lang='lat'><strong><em>&#39;</em></strong></span> 
     </span>
     <span class='ocr_line' id='line_1_63' title="bbox 1360 2322 2375 2393; baseline 0.003 -22"><span class='ocrx_word' id='word_1_334' title='bbox 1360 2338 1459 2373; x_wconf 88' lang='lat' dir='ltr'><strong>nec</strong></span> <span class='ocrx_word' id='word_1_335' title='bbox 1497 2322 1777 2374; x_wconf 88' lang='lat' dir='ltr'><strong>oculorum</strong></span> <span class='ocrx_word' id='word_1_336' title='bbox 1818 2334 2097 2393; x_wconf 75' lang='lat' dir='ltr'><strong>conspectu</strong></span> <span class='ocrx_word' id='word_1_337' title='bbox 2132 2322 2375 2393; x_wconf 83' lang='lat' dir='ltr'><strong>explora-</strong></span> 
     </span>
     <span class='ocr_line' id='line_1_64' title="bbox 1362 2399 2375 2471; baseline 0.003 -20"><span class='ocrx_word' id='word_1_338' title='bbox 1362 2410 1479 2462; x_wconf 90' lang='lat' dir='ltr'><strong>tur,</strong></span> <span class='ocrx_word' id='word_1_339' title='bbox 1526 2399 1619 2453; x_wconf 71' lang='lat' dir='ltr'><strong>sed</strong></span> <span class='ocrx_word' id='word_1_340' title='bbox 1663 2401 1924 2471; x_wconf 75' lang='lat' dir='ltr'><strong>scriptura</strong></span> <span class='ocrx_word' id='word_1_341' title='bbox 1962 2414 2165 2454; x_wconf 86' lang='lat' dir='ltr'><strong>tantum</strong></span> <span class='ocrx_word' id='word_1_342' title='bbox 2184 2439 2201 2465; x_wconf 88' lang='lat'><strong>,</strong></span> <span class='ocrx_word' id='word_1_343' title='bbox 2244 2400 2375 2454; x_wconf 88' lang='lat' dir='ltr'><strong>dum</strong></span> 
     </span>
     <span class='ocr_line' id='line_1_65' title="bbox 1361 2478 2377 2551; baseline 0.003 -21"><span class='ocrx_word' id='word_1_344' title='bbox 1361 2478 1501 2549; x_wconf 86' lang='lat' dir='ltr'><strong>picta</strong></span> <span class='ocrx_word' id='word_1_345' title='bbox 1524 2479 1697 2532; x_wconf 87' lang='lat' dir='ltr'><strong>littera</strong></span> <span class='ocrx_word' id='word_1_346' title='bbox 1710 2480 2000 2551; x_wconf 76' lang='lat' dir='ltr'><strong>liquescens</strong></span> <span class='ocrx_word' id='word_1_347' title='bbox 2010 2492 2237 2550; x_wconf 88' lang='lat' dir='ltr'><strong>utraque</strong></span> <span class='ocrx_word' id='word_1_348' title='bbox 2259 2498 2377 2550; x_wconf 82' lang='lat' dir='ltr'><strong>par-</strong></span> 
     </span>
     <span class='ocr_line' id='line_1_66' title="bbox 1365 2559 2375 2621; baseline 0.002 -12"><span class='ocrx_word' id='word_1_349' title='bbox 1365 2570 1416 2609; x_wconf 90' lang='lat' dir='ltr'><strong>te</strong></span> <span class='ocrx_word' id='word_1_350' title='bbox 1461 2559 1817 2621; x_wconf 86' lang='lat' dir='ltr'><strong>combibitur,</strong></span> <span class='ocrx_word' id='word_1_351' title='bbox 1859 2570 1911 2610; x_wconf 87' lang='lat' dir='ltr'><strong>et</strong></span> <span class='ocrx_word' id='word_1_352' title='bbox 1958 2569 2066 2611; x_wconf 87' lang='lat' dir='ltr'><strong>tam</strong></span> <span class='ocrx_word' id='word_1_353' title='bbox 2104 2576 2335 2611; x_wconf 81' lang='lat' dir='ltr'><strong>aversam</strong></span> <span class='ocrx_word' id='word_1_354' title='bbox 2357 2594 2375 2621; x_wconf 84' lang='lat'><strong>,</strong></span> 
     </span>
     <span class='ocr_line' id='line_1_67' title="bbox 1363 2636 2375 2708; baseline 0.001 -19"><span class='ocrx_word' id='word_1_355' title='bbox 1363 2655 1523 2708; x_wconf 87' lang='lat' dir='ltr'><strong>quam</strong></span> <span class='ocrx_word' id='word_1_356' title='bbox 1568 2637 1838 2690; x_wconf 72' lang='lat' dir='ltr'><strong>adversam</strong></span> <span class='ocrx_word' id='word_1_357' title='bbox 1887 2636 2075 2689; x_wconf 83' lang='lat' dir='ltr'><strong>faeiem</strong></span> <span class='ocrx_word' id='word_1_358' title='bbox 2114 2637 2375 2706; x_wconf 83' lang='lat' dir='ltr'><strong>inquinat.</strong></span> 
     </span>
     <span class='ocr_line' id='line_1_68' title="bbox 1363 2714 2377 2784; baseline -0.001 -16"><span class='ocrx_word' id='word_1_359' title='bbox 1363 2718 1819 2769; x_wconf 60' lang='lat' dir='ltr'><strong>Dama—Dente.</strong></span> <span class='ocrx_word' id='word_1_360' title='bbox 1844 2714 2125 2784; x_wconf 84' lang='lat' dir='ltr'><strong>Elephanti</strong></span> <span class='ocrx_word' id='word_1_361' title='bbox 2148 2714 2347 2767; x_wconf 73' lang='lat' dir='ltr'><strong>seilicet</strong></span> <span class='ocrx_word' id='word_1_362' title='bbox 2360 2752 2377 2777; x_wconf 88' lang='lat'><strong>,</strong></span> 
     </span>
     <span class='ocr_line' id='line_1_69' title="bbox 1363 2784 2378 2859; baseline 0 -12"><span class='ocrx_word' id='word_1_363' title='bbox 1363 2814 1457 2848; x_wconf 77' lang='lat' dir='ltr'><strong>seu</strong></span> <span class='ocrx_word' id='word_1_364' title='bbox 1474 2796 1655 2848; x_wconf 87' lang='lat' dir='ltr'><strong>ebore.</strong></span> <span class='ocrx_word' id='word_1_365' title='bbox 1684 2790 1781 2856; x_wconf 85' lang='lat' dir='ltr'><strong>(Ex</strong></span> <span class='ocrx_word' id='word_1_366' title='bbox 1796 2792 2023 2847; x_wconf 88' lang='lat' dir='ltr'><strong>Gerardi</strong></span> <span class='ocrx_word' id='word_1_367' title='bbox 2048 2804 2180 2846; x_wconf 87' lang='lat' dir='ltr'><strong>nott.</strong></span> <span class='ocrx_word' id='word_1_368' title='bbox 2209 2784 2378 2859; x_wconf 84' lang='lat' dir='ltr'><strong>man.)</strong></span> 
     </span>
     <span class='ocr_line' id='line_1_70' title="bbox 1363 2872 2377 2943; baseline -0.001 -17"><span class='ocrx_word' id='word_1_369' title='bbox 1363 2874 1469 2926; x_wconf 87' lang='lat' dir='ltr'><strong>En.</strong></span> <span class='ocrx_word' id='word_1_370' title='bbox 1496 2904 1575 2916; x_wconf 85' lang='lat'><strong>—-</strong></span> <span class='ocrx_word' id='word_1_371' title='bbox 1611 2874 1876 2927; x_wconf 73' lang='lat' dir='ltr'><strong>Com-have.</strong></span> <span class='ocrx_word' id='word_1_372' title='bbox 1912 2872 2139 2925; x_wconf 82' lang='lat' dir='ltr'><strong>Veneria</strong></span> <span class='ocrx_word' id='word_1_373' title='bbox 2164 2912 2180 2935; x_wconf 91' lang='lat'><strong>,</strong></span> <span class='ocrx_word' id='word_1_374' title='bbox 2216 2890 2377 2943; x_wconf 82' lang='lat' dir='ltr'><strong>quam</strong></span> 
     </span>
     <span class='ocr_line' id='line_1_71' title="bbox 1360 2950 2380 3023; baseline -0.002 -16"><span class='ocrx_word' id='word_1_375' title='bbox 1360 2952 1649 3007; x_wconf 80' lang='lat' dir='ltr'><strong>Echneidia</strong></span> <span class='ocrx_word' id='word_1_376' title='bbox 1664 2954 1883 3007; x_wconf 85' lang='lat' dir='ltr'><strong>nomine</strong></span> <span class='ocrx_word' id='word_1_377' title='bbox 1902 2952 2172 3006; x_wconf 67' lang='lat' dir='ltr'><strong>Mucianus</strong></span> <span class='ocrx_word' id='word_1_378' title='bbox 2188 2950 2380 3023; x_wconf 79' lang='lat' dir='ltr'><strong>depin-</strong></span> 
     </span>
     <span class='ocr_line' id='line_1_72' title="bbox 1363 3033 1619 3104; baseline 0 -19"><span class='ocrx_word' id='word_1_379' title='bbox 1363 3033 1456 3104; x_wconf 75' lang='lat' dir='ltr'><strong>git.</strong></span> <span class='ocrx_word' id='word_1_380' title='bbox 1482 3033 1619 3087; x_wconf 73' lang='lat' dir='ltr'><strong>Du..</strong></span> 
     </span>
    </p>

    <p class='ocr_par' dir='ltr' id='par_1_12' title="bbox 1358 3110 2381 3577">
     <span class='ocr_line' id='line_1_73' title="bbox 1445 3110 2378 3183; baseline 0.001 -19"><span class='ocrx_word' id='word_1_381' title='bbox 1445 3132 1497 3164; x_wconf 69' lang='grc' dir='ltr'><strong>α.</strong></span> <span class='ocrx_word' id='word_1_382' title='bbox 1550 3111 1762 3165; x_wconf 72' lang='lat' dir='ltr'><strong>Caduca</strong></span> <span class='ocrx_word' id='word_1_383' title='bbox 1803 3112 1973 3163; x_wconf 68' lang='lat' dir='ltr'><strong>littera</strong></span> <span class='ocrx_word' id='word_1_384' title='bbox 2005 3110 2153 3181; x_wconf 81' lang='lat' dir='ltr'><strong>fiune.</strong></span> <span class='ocrx_word' id='word_1_385' title='bbox 2201 3112 2378 3183; x_wconf 76' lang='lat' dir='ltr'><strong>Fugax</strong></span> 
     </span>
     <span class='ocr_line' id='line_1_74' title="bbox 1361 3189 2381 3263; baseline 0 -20"><span class='ocrx_word' id='word_1_386' title='bbox 1361 3203 1471 3257; x_wconf 79' lang='lat' dir='ltr'><strong>est,</strong></span> <span class='ocrx_word' id='word_1_387' title='bbox 1512 3189 1869 3263; x_wconf 66' lang='lat' dir='ltr'><strong>instabilisque</strong></span> <span class='ocrx_word' id='word_1_388' title='bbox 1907 3191 2167 3259; x_wconf 75' lang='lat' dir='ltr'><strong>scriptura</strong></span> <span class='ocrx_word' id='word_1_389' title='bbox 2198 3209 2212 3243; x_wconf 90' lang='lat'>:</span> <span class='ocrx_word' id='word_1_390' title='bbox 2267 3208 2381 3243; x_wconf 84' lang='lat' dir='ltr'><strong>mo·</strong></span> 
     </span>
     <span class='ocr_line' id='line_1_75' title="bbox 1359 3270 2377 3342; baseline 0 -19"><span class='ocrx_word' id='word_1_391' title='bbox 1359 3270 1541 3324; x_wconf 78' lang='lat' dir='ltr'><strong>dex-ate</strong></span> <span class='ocrx_word' id='word_1_392' title='bbox 1580 3283 1754 3323; x_wconf 88' lang='lat' dir='ltr'><strong>tamen</strong></span> <span class='ocrx_word' id='word_1_393' title='bbox 1792 3270 1953 3342; x_wconf 84' lang='lat' dir='ltr'><strong>polita</strong></span> <span class='ocrx_word' id='word_1_394' title='bbox 1971 3310 1986 3335; x_wconf 92' lang='lat'><strong>,</strong></span> <span class='ocrx_word' id='word_1_395' title='bbox 2022 3271 2197 3323; x_wconf 83' lang='lat' dir='ltr'><strong>attrita</strong></span> <span class='ocrx_word' id='word_1_396' title='bbox 2214 3309 2230 3337; x_wconf 85' lang='lat'><strong>,</strong></span> <span class='ocrx_word' id='word_1_397' title='bbox 2265 3286 2377 3323; x_wconf 85' lang='lat' dir='ltr'><strong>non</strong></span> 
     </span>
     <span class='ocr_line' id='line_1_76' title="bbox 1361 3348 2380 3421; baseline 0.002 -20"><span class='ocrx_word' id='word_1_398' title='bbox 1361 3351 1543 3402; x_wconf 73' lang='lat' dir='ltr'><strong>sorbet</strong></span> <span class='ocrx_word' id='word_1_399' title='bbox 1590 3362 1939 3405; x_wconf 81' lang='lat' dir='ltr'><strong>atramentum</strong></span> <span class='ocrx_word' id='word_1_400' title='bbox 1976 3368 2211 3421; x_wconf 67' lang='lat' dir='ltr'><strong>papyrus</strong></span> <span class='ocrx_word' id='word_1_401' title='bbox 2227 3390 2243 3414; x_wconf 90' lang='lat'><strong>,</strong></span> <span class='ocrx_word' id='word_1_402' title='bbox 2285 3348 2380 3403; x_wconf 77' lang='lat' dir='ltr'><strong>aed</strong></span> 
     </span>
     <span class='ocr_line' id='line_1_77' title="bbox 1358 3429 2381 3500; baseline 0 -19"><span class='ocrx_word' id='word_1_403' title='bbox 1358 3429 1585 3494; x_wconf 79' lang='lat' dir='ltr'><strong>retinet3</strong></span> <span class='ocrx_word' id='word_1_404' title='bbox 1615 3442 1669 3482; x_wconf 89' lang='lat' dir='ltr'><strong>et</strong></span> <span class='ocrx_word' id='word_1_405' title='bbox 1692 3431 1865 3483; x_wconf 89' lang='lat' dir='ltr'><strong>nitore</strong></span> <span class='ocrx_word' id='word_1_406' title='bbox 1890 3430 2193 3500; x_wconf 73' lang='lat' dir='ltr'><strong>tum-magia</strong></span> <span class='ocrx_word' id='word_1_407' title='bbox 2214 3429 2381 3483; x_wconf 83' lang='lat' dir='ltr'><strong>oculis</strong></span> 
     </span>
     <span class='ocr_line' id='line_1_78' title="bbox 1361 3507 1751 3577; baseline 0 -16"><span class='ocrx_word' id='word_1_408' title='bbox 1361 3508 1549 3577; x_wconf 84' lang='lat' dir='ltr'><strong>placet.</strong></span> <span class='ocrx_word' id='word_1_409' title='bbox 1571 3507 1751 3562; x_wconf 79' lang='lat' dir='ltr'><strong>Hum.</strong></span> 
     </span>
    </p>

    <p class='ocr_par' dir='ltr' id='par_1_13' title="bbox 1361 3588 2384 4050">
     <span class='ocr_line' id='line_1_79' title="bbox 1444 3588 2383 3653; baseline 0 -12"><span class='ocrx_word' id='word_1_410' title='bbox 1444 3589 1499 3641; x_wconf 84' lang='lat'><strong>3.</strong></span> <span class='ocrx_word' id='word_1_411' title='bbox 1526 3588 1771 3653; x_wconf 65' lang='lat' dir='ltr'><strong>neballat,</strong></span> <span class='ocrx_word' id='word_1_412' title='bbox 1800 3601 1901 3643; x_wconf 85' lang='lat' dir='ltr'><strong>etc.</strong></span> <span class='ocrx_word' id='word_1_413' title='bbox 1922 3588 2213 3641; x_wconf 84' lang='lat' dir='ltr'><strong>Humorem</strong></span> <span class='ocrx_word' id='word_1_414' title='bbox 2228 3601 2383 3641; x_wconf 77' lang='lat' dir='ltr'><strong>vocat</strong></span> 
     </span>
     <span class='ocr_line' id='line_1_80' title="bbox 1361 3666 2381 3739; baseline 0 -20"><span class='ocrx_word' id='word_1_415' title='bbox 1361 3667 1623 3739; x_wconf 90' lang='lat' dir='ltr'><strong>liquorem</strong></span> <span class='ocrx_word' id='word_1_416' title='bbox 1650 3668 1761 3721; x_wconf 89' lang='lat' dir='ltr'><strong>Nili</strong></span> <span class='ocrx_word' id='word_1_417' title='bbox 1796 3666 2102 3733; x_wconf 86' lang='lat' dir='ltr'><strong>turbidum,</strong></span> <span class='ocrx_word' id='word_1_418' title='bbox 2142 3667 2235 3739; x_wconf 86' lang='lat' dir='ltr'><strong>qui</strong></span> <span class='ocrx_word' id='word_1_419' title='bbox 2266 3667 2381 3737; x_wconf 78' lang='lat' dir='ltr'><strong>glu-</strong></span> 
     </span>
     <span class='ocr_line' id='line_1_81' title="bbox 1365 3746 2380 3817; baseline -0.002 -18"><span class='ocrx_word' id='word_1_420' title='bbox 1365 3746 1496 3811; x_wconf 86' lang='lat' dir='ltr'><strong>tini,</strong></span> <span class='ocrx_word' id='word_1_421' title='bbox 1528 3759 1589 3801; x_wconf 90' lang='lat' dir='ltr'><strong>ut</strong></span> <span class='ocrx_word' id='word_1_422' title='bbox 1612 3746 1872 3812; x_wconf 75' lang='lat' dir='ltr'><strong>diximus,</strong></span> <span class='ocrx_word' id='word_1_423' title='bbox 1908 3748 2080 3800; x_wconf 84' lang='lat' dir='ltr'><strong>vicem</strong></span> <span class='ocrx_word' id='word_1_424' title='bbox 2112 3746 2380 3817; x_wconf 64' lang='lat' dir='ltr'><strong>praebebat</strong></span> 
     </span>
     <span class='ocr_line' id='line_1_82' title="bbox 1363 3823 2381 3894; baseline -0.004 -15"><span class='ocrx_word' id='word_1_425' title='bbox 1363 3826 1418 3879; x_wconf 88' lang='lat' dir='ltr'><strong>in</strong></span> <span class='ocrx_word' id='word_1_426' title='bbox 1450 3826 1686 3881; x_wconf 73' lang='lat' dir='ltr'><strong>texendis</strong></span> <span class='ocrx_word' id='word_1_427' title='bbox 1713 3827 1952 3880; x_wconf 73' lang='lat' dir='ltr'><strong>chartis:</strong></span> <span class='ocrx_word' id='word_1_428' title='bbox 1992 3826 2084 3877; x_wconf 84' lang='lat' dir='ltr'><strong>hic</strong></span> <span class='ocrx_word' id='word_1_429' title='bbox 2120 3826 2167 3878; x_wconf 79' lang='lat' dir='ltr'><strong>ai</strong></span> <span class='ocrx_word' id='word_1_430' title='bbox 2205 3823 2381 3894; x_wconf 88' lang='lat' dir='ltr'><strong>primo</strong></span> 
     </span>
     <span class='ocr_line' id='line_1_83' title="bbox 1363 3900 2384 3974; baseline -0.006 -17"><span class='ocrx_word' id='word_1_431' title='bbox 1363 3906 1629 3960; x_wconf 78' lang='lat' dir='ltr'><strong>incuriose</strong></span> <span class='ocrx_word' id='word_1_432' title='bbox 1645 3918 1699 3959; x_wconf 89' lang='lat' dir='ltr'><strong>et</strong></span> <span class='ocrx_word' id='word_1_433' title='bbox 1722 3906 1897 3959; x_wconf 76' lang='lat' dir='ltr'><strong>miuus</strong></span> <span class='ocrx_word' id='word_1_434' title='bbox 1926 3916 2209 3974; x_wconf 81' lang='lat' dir='ltr'><strong>temperate</strong></span> <span class='ocrx_word' id='word_1_435' title='bbox 2226 3900 2384 3952; x_wconf 76' lang='lat' dir='ltr'><strong>datus</strong></span> 
     </span>
     <span class='ocr_line' id='line_1_84' title="bbox 1365 3981 2382 4050; baseline -0.005 -15"><span class='ocrx_word' id='word_1_436' title='bbox 1365 3986 1536 4037; x_wconf 81' lang='lat' dir='ltr'><strong>fuerat</strong></span> <span class='ocrx_word' id='word_1_437' title='bbox 1562 4022 1581 4050; x_wconf 84' lang='lat'><strong>,</strong></span> <span class='ocrx_word' id='word_1_438' title='bbox 1624 3985 1915 4039; x_wconf 73' lang='lat' dir='ltr'><strong>rebellabat</strong></span> <span class='ocrx_word' id='word_1_439' title='bbox 1960 3981 2227 4037; x_wconf 85' lang='lat' dir='ltr'><strong>interdum</strong></span> <span class='ocrx_word' id='word_1_440' title='bbox 2249 4018 2264 4043; x_wconf 90' lang='lat'><strong>,</strong></span> <span class='ocrx_word' id='word_1_441' title='bbox 2328 3992 2382 4031; x_wconf 86' lang='lat' dir='ltr'><strong>et</strong></span> 
     </span>
    </p>
   </div>
  </div>
 </body>
</html>
