2850 4684
527 322 655 394 132
1207 324 1762 392 EXCURSUS
1812 326 1945 392 XI.

513 445 712 524 rit(1).
737 453 944 508 Deinde
965 453 1124 507 etiam
1153 447 1418 524 discrepat
1436 473 1464 508 a
1486 454 1854 525 Theophrasto
1869 493 1886 519 ‚
1920 449 2075 524 quod
2100 451 2408 504 interiorem
2436 451 2649 505 fluctus

515 549 717 608 partem
756 535 934 588 tritam
972 533 1152 587 oleum
1192 535 1605 605 unguentarium
1640 534 1893 587 exhibere
1916 529 2233 596 contendat,
2261 549 2431 601 quum
2460 533 2647 584 Theo-

514 617 754 687 phrastus
781 615 956 686 potius
997 613 1265 684 putamine
1291 628 1513 667 contuso
1548 612 1830 667 odoratum
1854 609 2009 664 reddi
2038 609 2177 664 illud
2204 611 2384 664 oleum
2424 609 2613 664 doceat
2630 649 2645 669 ‚

515 695 650 748 sicut
683 707 734 747 et
769 694 1060 770 rpcentiora
1093 690 1150 745 id
1177 692 1408 763 probant
1453 694 1828 764 experimenta.
1866 691 2059 744 Oleum
2086 690 2229 742 euim
2265 691 2443 760 ipsum
2472 689 2647 744 odore

517 793 731 846 expers,
759 773 1126 843 putaminibus
1154 773 1354 825 fructus
1381 773 1615 826 contusis
1640 770 1863 836 additis,
1893 772 2135 841 fragrans
2164 768 2357 823 evadit.

598 854 678 906 Eo
717 853 836 903 oleo
877 852 1135 916 Romani,
1175 849 1400 922 perinde
1438 871 1501 905 ac
1544 852 1717 905 Greci
1743 890 1760 917 ‚
1804 852 2105 922 frequenter
2136 851 2455 913 utebantur,
2496 861 2561 901 ut
2590 860 2649 900 et

517 931 678 984 Persii
705 922 954 998 locus(a)
982 929 1108 982 inde
1143 929 1399 983 declarari
1431 933 1627 1002 possit,
1660 945 1713 984 et
1740 930 1932 983 medici
1970 930 2201 982 fructum
2220 969 2237 992 ,
2262 941 2538 998 tamquam
2560 931 2646 982 al·

515 1029 640 1062 vum
667 1008 945 1063 ducentem
987 1022 1039 1061 et
1079 1009 1338 1062 vomitum
1365 1011 1591 1064 cientem
1612 1053 1627 1074 ,
1661 1023 1713 1062 et
1756 1009 2168 1082 adan-ingentem
2192 1007 2507 1062 adhiberent
2530 1000 2643 1078 (3).

519 1090 704 1161 Neque
728 1102 900 1141 tamen
921 1079 1110 1141 desunt
1147 1089 1301 1160 plura
1329 1090 1691 1143 Romanorum
1722 1102 1996 1142 auctorum
2022 1089 2135 1140 loca
2154 1088 2277 1156 ,uhi
2298 1087 2455 1158 longe
2474 1087 2643 1141 alium

515 1169 778 1234 fructum,
807 1166 1044 1237 dactylos
1069 1185 1295 1239 nempe,
1329 1188 1394 1222 eo
1422 1171 1643 1222 nomine
1688 1169 1996 1239 insignitum
2032 1169 2190 1220 fuisse
2228 1179 2390 1238 patet.
2438 1167 2648 1222 Plinius

515 1246 730 1320 quidem
774 1245 1017 1319 glandem
1063 1249 1467 1317 unguentariam
1495 1249 1825 1320 myrobalani
1852 1249 2073 1302 nomine
2103 1247 2211 1300 fere
2247 1245 2441 1300 eodem
2476 1247 2647 1301 modo

519 1327 768 1380 describit
793 1345 855 1380 ac
889 1326 1287 1396 Theophrastus
1313 1337 1367 1380 et
1397 1326 1759 1389 Dioscorides,
1808 1341 2001 1399 praeter
2031 1327 2190 1392 folia,
2220 1343 2339 1398 qun
2378 1345 2499 1380 cum
2542 1327 2643 1380 be·

515 1407 756 1478 liotropii
799 1405 938 1459 foliis
973 1419 1243 1475 comparat
1268 1446 1284 1469 ,
1329 1405 1475 1477 quod
1510 1425 1537 1459 a
1581 1407 1801 1461 veritate
1844 1409 2067 1460 omnino
2109 1405 2321 1459 recedit.
2370 1406 2647 1478 Optimam

513 1484 757 1558 glandem
791 1504 900 1538 esse
930 1486 1185 1537 Petra-,am
1203 1517 1220 1544 ‚
1258 1485 1414 1556 nigro
1450 1487 1671 1549 cortice,
1702 1487 1893 1540 nucleo
1924 1485 2152 1540 candido
2194 1503 2207 1538 τ
2248 1497 2504 1556 praterea
2534 1505 2649 1538 cre·

465 1629 473 1640 .
515 1585 661 1620 scere
698 1566 755 1618 in
783 1565 1077 1636 AEtbiopia,
1118 1564 1312 1618 Arabia
1337 1583 1400 1618 ac
1430 1566 1620 1637 Syria:
1650 1567 1787 1619 bene
1832 1584 2045 1638 quoque
2072 1563 2247 1631 addit,
2270 1565 2491 1620 cortices
2534 1577 2651 1619 tan·

515 1659 630 1699 tum
657 1647 723 1712 ab
745 1643 1110 1715 unguentariis
1122 1644 1293 1716 premi
1312 1683 1328 1708 ,
1358 1663 1390 1698 a
1411 1643 1629 1699 medicis
1652 1645 1898 1714 nucleos,
1920 1645 2264 1699 tundentibus
2294 1643 2467 1697 affusa
2491 1645 2647 1716 paul-

517 1725 664 1778 latim
692 1742 826 1795 aqua
843 1714 944 1790 (4).
974 1724 1070 1776 Uti
1098 1723 1244 1777 enim
1289 1723 1491 1778 Plinius
1527 1726 1637 1778 fere
1674 1745 1935 1797 nusquam
1968 1725 2067 1778 sibi
2106 1738 2344 1780 constare
2388 1724 2550 1791 solet,
2574 1725 2647 1778 ita

515 1816 567 1856 et
607 1803 1006 1876 myrobalanum
1055 1803 1158 1856 alio
1196 1803 1317 1856 loco
1357 1804 1518 1857 babet
1556 1805 1789 1859 fructum
1822 1805 2012 1876 palma
2062 1804 2357 1876 AEgyptiae,
2398 1804 2493 1856 cui
2534 1823 2649 1858 ossa

515 1882 707 1936 desunt
727 1874 832 1951 (5).
865 1884 944 1935 Ita
977 1881 1131 1936 etiam
1171 1883 1354 1937 Celsus
1379 1903 1447 1938 ex
1478 1884 1728 1955 palmulis
1756 1897 2085 1957 unguentum
2126 1883 2303 1955 parari
2328 1881 2491 1948 dicit,
2526 1883 2647 1936 ideo

515 1961 844 2035 μυροέσῖλανον
878 1975 1124 2018 vocatum
1142 1954 1242 2030 (6).
1287 1963 1461 2017 Simili
1498 1963 1655 2034 plane
1689 1962 1850 2018 modo
1872 2005 1887 2030 ‚
1922 1965 2017 2018 ubi
2044 1965 2265 2017 Veteres
2302 1961 2647 2033 φοινικοὸαλά·

515 2061 654 2108 vove,
681 2041 942 2112 dactylos,
982 2053 1290 2113 posuerant,
1322 2040 1641 2097 Theodorus
1682 2043 1979 2098 Priscianus
2008 2043 2353 2114 myrobalana
2378 2061 2650 2096 commen·

515 2119 606 2174 dat
628 2111 758 2190 (7).
791 2121 1058 2192 Antiquus
1099 2119 1333 2192 denique
1377 2121 1664 2174 Alexandri
1706 2124 1959 2178 Tralliani
1996 2129 2255 2195 interpres
2292 2119 2509 2176 disertis
2536 2140 2649 2176 ver-

400 2225 410 2240 ·
513 2200 598 2253 bis
643 2197 1048 2269 φοινικοὸαλάνοις
1074 2200 1306 2254 auctoris
1353 2200 1755 2256 substituendos
1783 2222 1892 2256 esse
1912 2202 2273 2276 μυροὸαλείνως
2306 2201 2605 2272 aequivocas
2622 2241 2637 2266 ,

516 2278 761 2350 perhibet
781 2267 884 2346 (8).

596 2357 749 2411 Solus
768 2356 877 2410 fere
908 2355 1140 2412 Galenus
1163 2377 1285 2412 cum
1309 2359 1405 2425 iis,
1446 2361 1539 2432 qui
1562 2361 1727 2432 ipsius
1754 2363 1913 2414 verba
1952 2361 2429 2430 transcripserunt,
2470 2361 2647 2432 pristi-

515 2455 644 2489 num
670 2437 896 2490 servavit
923 2437 1178 2510 loquendi
1209 2458 1381 2492 usum.
1417 2440 1637 2494 Βάλανον
1668 2442 1925 2512 μυρεψικὴν
1958 2439 2147 2494 advehi
2170 2459 2235 2492 ex
2260 2440 2515 2493 Barbaria
2534 2459 2551 2495 t
2568 2440 2647 2493 uti

517 2529 690 2569 autem
715 2519 1093 2587 unguentarios
1118 2518 1291 2572 carnis
1317 2521 1429 2592 ejus
1458 2538 1645 2584 succo,
1672 2520 1815 2591 quod
1845 2519 2030 2574 melius
2054 2520 2310 2590 potuisset
2332 2519 2569 2572 Galenus
2588 2541 2647 2574 ex

516 2595 885 2666 Theophrasto
913 2595 1131 2650 discere.
1163 2598 1384 2670 Reliqua
1409 2617 1539 2651 vero
1562 2601 1825 2652 terrestria
1847 2613 1899 2652 et
1920 2598 2055 2654 dura
2076 2597 2437 2668 adstringente
2464 2600 2519 2652 vi
2536 2601 2648 2671 pol-

517 2676 623 2729 lere
649 2689 700 2727 et
725 2695 902 2730 amara
927 2695 1064 2740 esse,
1092 2675 1220 2730 binc
1248 2676 1575 2732 incidentem
1606 2678 1800 2732 habere
1822 2679 2119 2732 familtatem
2136 2719 2153 2744 ,
2179 2677 2443 2732 vomitum
2468 2691 2645 2734 autem

517 2775 730 2828 quoque
762 2757 899 2810 ciere
922 2770 974 2810 et
1003 2755 1180 2810 alvum
1206 2755 1404 2810 ducere
1422 2753 1517 2825 (9).

597 2837 793 2887 Arabes
824 2855 949 2888 vero
976 2834 1124 2888 aliud
1151 2847 1344 2890 nomen
1374 2837 1501 2890 huic
1528 2837 1722 2890 fructui
1752 2838 2155 2908 impertierunt,
2204 2837 2337 2890 Bm
2366 2847 2463 2890 aut
2502 2839 2645 2890 Hah-

516 2913 690 2966 abbeen
711 2915 1047 2985 appellantes.
1078 2916 1471 2985 Descriptiones
1500 2929 1675 2970 autem
1706 2935 1893 2970 eorum
1920 2915 1989 2969 ad
2020 2934 2253 2988 unguem
2284 2917 2393 2970 fere
2420 2935 2643 2972 consen-

585 3147 654 3210 (ι)
685 3148 788 3196 Lib.
811 3149 906 3204 xt,
944 3149 975 3195 f.
1001 3165 1117 3213 192,
1140 3152 1188 3199 b.

578 3225 650 3288 (a)
681 3227 776 3272 Sat.
797 3229 878 3282 IV,
905 3227 964 3290 37
989 3245 1000 3271 t
1033 3250 1058 3268 e·
1076 3229 1232 3288 Quum
1266 3241 1316 3276 tu
1338 3231 1537 3278 maxillis
1562 3231 1828 3278 balanatum
1856 3248 2056 3296 gausape
2082 3236 2249 3295 pectis.
2270 3254 2293 3272 n

581 3305 654 3370 (3)
681 3306 810 3352 Aret.
837 3317 983 3353 curat.
1009 3307 1124 3354 diut.
1149 3309 1232 3356 lib.
1257 3311 1305 3364 1.
1335 3327 1375 3356 c.
1417 3319 1500 3368 14,
1534 3327 1585 3373 p.
1612 3311 1724 3367 128,
1762 3313 1834 3358 ed.
1857 3314 2029 3366 Boerh3
2063 3313 2227 3360 Galen.
2246 3314 2393 3361 metb.
2416 3315 2543 3362 med.
2564 3315 2643 3360 lib.

519 3384 659 3438 xm,
677 3401 724 3446 p.
751 3399 865 3446 1793
895 3377 1107 3432 Diosoor.
1131 3387 1162 3432 1.
1182 3403 1223 3433 c.
1248 3389 1413 3436 Galen.
1440 3389 1565 3453 apud
1588 3391 1695 3438 Ant.
1720 3401 1823 3437 tetr.
1849 3393 1917 3438 111
1935 3407 2097 3445 ‚serm
2122 3406 2180 3444 a,
2200 3408 2303 3453 cap.
2330 3409 2402 3450 11,
2428 3393 2521 3439 col.
2541 3395 2639 3448 524.

579 3463 649 3526 (4)
682 3463 804 3509 Ptin.
835 3463 922 3510 lib.
945 3467 1088 3522 XIII,
1120 3481 1160 3510 c.
1187 3482 1260 3514 21.

509 3582 528 3609 x
581 3543 652 3606 (5)
685 3543 785 3589 Lib.
811 3545 996 3599 XXIII,
1031 3560 1075 3591 c.
1103 3545 1146 3592 5.

579 3623 650 3684 (6)
681 3621 785 3667 Lib.
815 3621 895 3676 lv,
923 3637 962 3668 c.
1003 3637 1050 3684 9.

579 3700 649 3762 (τ)
677 3699 910 3746 Theodor.
939 3700 1159 3747 Priscian.
1179 3701 1319 3762 logie.
1343 3703 1429 3750 lib.
1454 3703 1527 3756 11,
1559 3720 1599 3750 c.
1630 3705 1690 3750 28
1708 3739 1721 3759 ‚
1740 3723 1790 3768 p.
1828 3720 1926 3768 109.
1968 3705 2139 3768 (Basil.
2166 3706 2283 3754 1532
2302 3739 2316 3760 ,
2336 3705 2495 3767 ἰιι-ζ.)

579 3781 652 3844 (8)
675 3779 808 3826 Alex.
830 3779 973 3826 Trall.
993 3779 1076 3826 lib.
1099 3781 1243 3834 vm,
1265 3795 1311 3830 c.
1335 3781 1364 3826 8
1383 3815 1396 3836 ,
1420 3781 1573 3843 p.436
1591 3817 1606 3836 ‚
1626 3785 1699 3832 ed.
1714 3785 1908 3832 Guinth.
1934 3785 2197 3833 Audet-nae.
2232 3787 2423 3833 Salmas.
2448 3787 2641 3834 Plinian.

521 3859 717 3906 Erat-cit.
741 3875 790 3920 p.
813 3857 921 3921 930.

579 3941 648 4001 (9)
681 3939 844 3985 Galen.
870 3936 1028 3984 facult.
1053 3937 1249 4012 simplic.
1273 3936 1356 3984 lib.
1379 3940 1461 3992 vt,
1484 3956 1535 4001 p.
1554 3955 1611 4001 77
1632 3960 1646 3994 ;
1682 3942 1832 3988 Pault.
1854 3941 1934 3988 lib.
1962 3945 2073 4000 vn,
2094 3957 2141 4004 p.
2170 3945 2275 3990 232.
