2850 4684
487 304 662 423 .27o

1043 330 1124 398 C.
1175 328 1511 401 PLINII
1560 328 1775 399 NAT.
1826 328 2083 399 HIST.

511 459 874 529 litterarum
916 460 1203 529 Hesiodo
1231 475 1563 556 praecepta
1590 458 1893 555 agricolis
1922 458 2211 553 pandere
2238 482 2429 547 orsu,
2456 456 2651 529 sub-

512 566 880 661 secutisque
945 591 1082 635 non
1131 569 1357 660 paucis
1415 567 1591 636 hanc
1646 590 1873 635 curam
1936 566 2074 658 ejus
2096 614 2116 651 ,
2188 565 2391 634 unde*
2428 566 2653 635 nobis

511 672 721 739 erevit
767 670 952 739 labor
995 696 1016 743 ε
1065 673 1312 767 quippe
1359 698 1564 768 quum
1608 670 2000 765 requirenda
2048 672 2179 739 sint
2220 694 2357 739 non
2408 671 2645 741 solum

511 790 740 871 postea
779 778 1078 863 inventa,
1119 802 1350 847 verum
1391 780 1589 847 etiam
1629 800 1708 847 ea
1726 829 1747 861 ,
1776 801 1921 871 quae
1963 775 2349 846 invenerant
2386 778 2645 870 prisci,

445 890 477 942 3
511 880 793 951 desidia⁷
818 907 1036 951 rerum
1053 883 1496 953 internecione
1510 884 1845 952 memoriae
1868 880 2157 951 inducta.
2180 882 2391 975 Cujus
2412 881 2645 951 somni

510 1010 740 1057 causas
773 990 916 1081 quis
944 987 1136 1076 alias,
1170 1012 1364 1082 quarn
1395 988 1690 1084 publicas
1719 986 1974 1071 mundi,
2008 984 2373 1055 invenerit?
2410 988 2637 1055 Nimi-

509 1118 658 1161 rum
690 1092 798 1161 alii
835 1094 1088 1163 subiere
1119 1096 1282 1164 ritus
1303 1144 1322 1177 ‚
1347 1096 1651 1188 circaque
1682 1092 1807 1161 alia
1844 1106 2097 1162 mentes
2136 1092 2485 1162 hominum
2514 1092 2637 1161 de-

510 1199 837 1285 tinentur,
874 1214 946 1267 et
975 1201 1262 1269 avaritias
1302 1214 1559 1269 tantum
1603 1213 1779 1267 artes
1820 1197 2149 1268 coluntur.
2506 1192 2511 1198 ’

613 1307 826 1374 Antea
861 1302 1125 1373 inclusis
1152 1307 1446 1399 gentium
1480 1304 1767 1399 imperiis
1800 1304 1972 1373 intra
2006 1306 2213 1397 ipsas,
2244 1302 2529 1397 ideoque
2558 1316 2635 1370 et

507 1410 784 1505 ingeniis
803 1463 822 1496 ‚
865 1410 1146 1504 quadam
1189 1410 1529 1481 sterilitate
1558 1410 1843 1481 fortunae
1857 1396 1909 1495 ⁸,
1941 1432 2205 1480 necesse
2240 1422 2387 1477 erat.
2428 1410 2629 1477 animi

511 1516 686 1585 bona
728 1536 1073 1585 exercere:
1113 1540 1429 1610 regesque
1445 1515 1471 1553 ⁹
1508 1516 1835 1585 innumeri
1865 1515 2123 1585 honore
2160 1516 2405 1586 artium
2452 1512 2625 1585 cole-

510 1620 787 1709 bantur,
821 1636 888 1689 et
927 1623 996 1689 in
1034 1624 1472 1692 ostentatione
1510 1621 1630 1691 has
1673 1620 2111 1716 praeferebant
2158 1618 2467 1714 opum¹⁰.,
2506 1623 2623 1689 im·

511 1726 974 1797 mortalitatem
1026 1728 1146 1799 sibi
1187 1752 1308 1821 per
1353 1726 1495 1799 illas
1538 1726 1883 1821 prorogari
1924 1727 2334 1795 arbitrantes.
2394 1728 2625 1816 Quare

443 1843 475 1900 4
510 1832 934 1902 abundabant
971 1848 1052 1903 et
1099 1834 1368 1927 praemia
1387 1886 1410 1921 ‚
1474 1848 1543 1903 et
1584 1858 1803 1929 operae
1842 1834 2013 1902 vitae.
2064 1833 2372 1909 Posteris,
2398 1830 2627 1903 laxitas

508 1937 738 2006 mundi
757 1936 800 1962 ¹¹
829 1954 897 2008 et
929 1964 1148 2009 rerum
1179 1938 1545 2033 amplitudo
1578 1938 1820 2008 damno
1846 1937 2015 2009 fuit:
2047 1952 2399 2031 postquam
2438 1962 2625 2009 sena·

507 2054 617 2110 tor
664 2067 864 2111 censu
885 2068 892 2073 ·
913 2042 1038 2137 legi
1091 2036 1384 2137 coeptus,
1431 2043 1635 2136 judex
1678 2044 1821 2113 fieri
1882 2068 2119 2129 censu,
2172 2044 2629 2137 magistratum

509 2144 878 2242 ducemque
917 2147 1075 2216 nihil
1103 2151 1314 2242 magis
1337 2173 1699 2235 exornare,
1732 2174 1931 2243 quam
1965 2173 2241 2220 census:
2274 2164 2630 2244 postquam

503 2275 765 2347 coepere
801 2252 1050 2323 orbitas
1096 2254 1166 2322 in
1206 2254 1656 2325 auctoritate¹²
1704 2278 1963 2327 summa
2008 2268 2077 2326 et
2114 2256 2415 2351 potentia
2450 2279 2629 2341 esse,

501 2497 730 2569 Propter
759 2496 910 2551 mille
934 2512 1120 2551 annos.
1149 2522 1176 2546 a
1209 2497 1280 2551 Et
1317 2497 1521 2553 Plinius

503 2577 760 2649 septimo,
779 2594 899 2649 cap.
927 2578 1025 2631 16:
1055 2576 1208 2631 «Iam
1235 2595 1364 2631 vero
1393 2590 1521 2633 ante

503 2674 671 2711 annos
685 2675 854 2729 prope
875 2656 1022 2709 mille
1043 2670 1185 2709 vates
1207 2657 1293 2709 ille
1319 2656 1521 2710 Home·

505 2754 596 2791 rus
633 2754 743 2789 nou
784 2736 1004 2791 cessavit
1043 2735 1251 2789 minora
1288 2749 1520 2807 corpora

507 2816 807 2871 mortalium
831 2834 992 2887 quam
1013 2816 1183 2887 prisce
1207 2816 1515 2888 conqueri.-

507 2894 675 2947 Porro
698 2894 985 2949 Hesiodum
1007 2894 1196 2949 eodem
1213 2896 1371 2949 fuisse
1389 2908 1522 2949 tem-

509 2990 642 3045 pore
667 2992 776 3045 quo
805 2973 1096 3039 Homerus,
1121 2987 1363 3029 auctores
1391 2994 1527 3027 non·

509 3051 646 3105 nulli
678 3050 907 3105 tradunt.
931 3054 1322 3109 Purra—Ante
1349 3054 1522 3111 mima.

509 3130 598 3185 Sic
643 3130 797 3184 MSS.
837 3132 966 3201 Reg.
1017 3132 1252 3187 Colbert.
1290 3134 1396 3189 Th.
1442 3136 1523 3187 De

511 3221 662 3263 etate
679 3208 894 3263 Hesiodi
911 3208 1141 3265 diximus
1159 3212 1523 3267 inAuctorum

510 3286 713 3343 Indice.
739 3290 923 3343 Haan.

593 3384 644 3439 7.
690 3367 910 3421 Desidia.
961 3368 1186 3439 Propter
1243 3370 1525 3425 hominum

511 3442 768 3499 desidiam
819 3448 1070 3501 memoria
1127 3466 1310 3505 rerum
1363 3450 1525 3503 inter-

511 3538 746 3585 mortua,
770 3524 964 3592 deleta,
985 3527 1257 3582 exstincta.
1279 3530 1344 3583 In
1369 3528 1523 3583 MSS.

513 3604 646 3675 neg.
687 3624 739 3670 1,
780 3604 936 3659 Colb.
987 3604 1052 3669 3,
1095 3619 1150 3659 et
1180 3608 1280 3661 ch.
1319 3608 1521 3660 tuderto.

511 3684 578 3737 In
598 3684 755 3739 Colb.
782 3704 812 3739 s
827 3723 844 3748 ‚
860 3684 966 3737 Th.
978 3682 1198 3756 aliisque
1220 3686 1434 3739 inducta.
1448 3687 1515 3739 H.

593 3766 647 3819 8.
670 3762 1172 3831 Sterilitatesonunoe.
1196 3764 1378 3830 Quum
1401 3784 1521 3836 spes

1687 2518 1745 2571 9.
1776 2500 2037 2571 negasque.
2068 2498 2183 2555 MS.
2218 2518 2436 2553 eut-ecre
2474 2518 2627 2573 ngas.

1606 2578 1684 2634 Ut
1728 2580 1965 2644 Hieron,
1993 2580 2229 2647 Attalus,
2280 2579 2513 2650 aliique,
2556 2580 2623 2635 de

1604 2660 1800 2731 quibus
1836 2661 1892 2713 in
1935 2662 2229 2713 Auctorum
2266 2657 2458 2713 Indice
2495 2659 2629 2714 dixi-

1612 2756 1749 2793 mus.
1774 2737 1954 2792 Hmn.

1694 2820 1785 2873 ss».
1815 2820 1928 2871 Has
1946 2816 2267 2889 preferebant
2302 2834 2465 2887 opum.
2498 2816 2621 2870 Vet.

1608 2895 1750 2970 apud
1788 2898 1967 2951 Dalec.
2013 2918 2036 2941 c
2054 2896 2405 2969 praeserebant
2420 2934 2437 2960 ,
2467 2914 2622 2966 opem

1606 2989 1663 3032 et
1698 2976 2159 3031 immortalitatem.
2185 3002 2208 3025 ι
2258 2976 2411 3029 Hane
2458 2994 2621 3046 opum

1606 3074 1819 3111 suarum
1864 3067 2065 3125 partem
2104 3057 2427 3129 precipuum
2466 3052 2625 3109 duoe-

1606 3131 1969 3191 bannflnn.

1692 3233 1716 3267 1
1736 3232 1783 3269 1.
1806 3214 2011 3267 laxitas
2034 3215 2213 3269 mundi.
2228 3213 2481 3269 latitudo
2502 3233 2621 3289 pou

1606 3294 1893 3349 centonum
1917 3294 2161 3365 amplior.
2189 3291 2365 3345 nanu.

1694 3390 1783 3427 12.
1818 3373 2017 3427 Orbem
2042 3377 2095 3426 ίη
2126 3374 2430 3427 ουσιονίωεε.
2466 3373 2619 3437 Quo·

1606 3450 1749 3505 niam
1785 3453 1880 3524 qui
1908 3453 2090 3506 liberi·
2119 3464 2390 3517 carerent,
2428 3452 2617 3505 horum

1607 3530 1973 3585 benevolentia
1990 3568 2009 3596 ‚
2048 3549 2145 3601 spe
2180 3529 2491 3585 hereditatis
2524 3529 2619 3585 ad·

1608 3608 1797 3663 eundae
1812 3649 1831 3676 ‚
1850 3612 1995 3664 omni
2024 3611 2405 3681 obsequiorum
2428 3628 2619 3681 genem

1606 3702 1925 3760 captaretur.
1948 3690 2019 3743 H.
2036 3721 2117 3732 —
2132 3689 2337 3743 Similia
2358 3692 2468 3743 fere
2493 3706 2617 3761 que-

1605 3780 1798 3822 runtur
1825 3770 2011 3823 Senec.
2036 3770 2194 3823 cona.
2222 3766 2289 3821 ad
2314 3769 2483 3823 Mure.
2505 3787 2615 3839 cap.

507 3842 651 3895 nulla
681 3844 816 3899 foret
851 3856 996 3897 extra
1039 3845 1220 3912 patrio
1249 3844 1521 3915 ,angustias
1602 3864 1720 3912 xix,
1740 3860 1779 3900 t.
1799 3848 1877 3912 11,
1901 3868 1957 3920 p.
1991 3851 2133 3907 162:
2162 3848 2289 3902 Tac.
2309 3850 2499 3904 Anu-1.
2521 3848 2614 3909 111,

506 3922 892 3995 amplificando
914 3922 1156 3979 fortuna.
1197 3923 1379 3978 Han.

1608 3926 1699 3989 ²5,
1726 3940 1763 3979 t.
1788 3928 1841 3991 1,
1860 3946 1914 3999 p.
1940 3926 2053 3983 318
2076 3926 2209 3981 edit.
2234 3939 2373 3981 nost.
