2850 4684
526 374 675 475 276

1058 377 1136 447 C.
1190 374 1532 445 PLINII
1585 376 1794 445 NAT.
1849 374 2102 441 HIST.

517 510 837 581 duodenis
880 509 1077 577 musti
1108 507 1445 601 amphoris
1479 505 1778 575 fecunda.
1815 504 2051 575 Ulmos
2089 504 2352 599 quidem
2381 505 2656 601 ubique

512 626 926 709 exsuperant.
962 614 1411 706 Miratumque
1439 610 1846 682 altitudinem
1883 636 2112 679 earum
2145 612 2380 683 Ariciae
2405 611 2656 683 ferunt

418 712 436 723 ’
511 720 798 816 legatum
836 720 1007 813 regis
1042 717 1278 812 Pyrrhi
1302 720 1578 788 Cineam
1601 715 1672 803 ¹⁰,
1705 715 1914 786 facete
1949 715 2180 787 lusisse
2217 718 2288 788 in
2311 719 2650 787 austerio-

510 850 651 895 rem
700 840 964 921 gustum
992 822 1213 907 vini¹²,
1258 824 1496 893 merito
1546 836 1822 891 matrem
1867 822 2009 915 ejus
2047 821 2333 915 pendere
2365 824 2434 891 in
2487 837 2643 895 tam

510 930 643 999 alta
706 954 923 1001 cruce.
960 927 1413 1005 Rumbotinus
1471 942 1750 997 vocatur
1770 924 1855 1013 ²²,
1893 940 1962 995 et
2005 926 2135 997 alio
2185 929 2456 997 nomine
2497 952 2646 1022 po-

511 1036 707 1129 pulus
760 1020 1018 1105 arbor¹³
1074 1032 1279 1105 Italiae
1344 1033 1594 1103 Padum
1647 1034 2066 1126 transgressis
2085 1084 2107 1118 ,
2195 1032 2382 1127 cujus
2431 1034 2644 1106 tabu-

509 1215 567 1268 in
596 1209 858 1283 pergulis,
896 1226 1014 1278 qum
1051 1205 1211 1261 denas
1249 1206 1530 1278 amphoras

512 1302 861 1363 peraequaret,
874 1286 1165 1340 Columella
1184 1298 1422 1352 testatur,
1433 1286 1527 1339 lib.

510 1372 628 1435 111,
656 1388 704 1423 c.
728 1388 783 1435 9.
800 1370 975 1419 Hssn.

598 1466 619 1501 1
632 1468 688 1501 o.
714 1448 949 1516 Legatum
967 1446 1091 1513 regis
1108 1443 1291 1513 Pyrrhi
1310 1442 1526 1495 Cineam.

510 1530 650 1582 Eum
678 1526 961 1597 ἄπρακτον,
986 1524 1178 1590 infecta
1204 1540 1332 1593 paee
1377 1538 1529 1573 sena·

510 1622 597 1661 tus
632 1604 833 1659 remisit
854 1641 871 1667 ,
902 1614 965 1655 ut
1008 1602 1081 1655 ait
1120 1600 1434 1654 Plutarchus
1471 1600 1528 1651 in

508 1686 719 1756 Pyrrho
732 1722 749 1750 ,
776 1681 1149 1752 ἀποκρινάμενοι
1168 1680 1416 1743 δξιλθόντα.
1442 1682 1528 1739 τῆς

508 1757 742 1830 ltaliae,
772 1764 812 1816 si
842 1758 1007 1814 δίοιτο
1028 1798 1045 1824 ,
1088 1758 1200 1830 mpl
1242 1759 1400 1829 φιλίοις
1445 1759 1529 1811 καὶ

508 1846 795 1915 συμμαχίας
814 1836 1147 1910 διαλέγεσθαι.
1172 1840 1253 1890 De
1271 1856 1335 1889 eo
1356 1838 1530 1908 legato

508 1924 713 1978 Ennius
735 1918 879 1993 apud
903 1920 1201 1972 ‘Varronem
1226 1934 1239 1968 ε
1276 1942 1297 1963 ι
1330 1916 1532 1969 Orator

510 2004 624 2056 sine
674 2018 803 2071 pace
858 1996 1031 2061 redit,
1086 1996 1309 2067 regique
1368 1994 1532 2048 refert

510 2096 648 2134 nm.
672 2104 695 2127 ι
726 2082 951 2132 Du..—
970 2076 1187 2130 Cineam.
1206 2072 1530 2127 Diximusde

513 2160 679 2213 Cinea
701 2158 794 2211 lib.
806 2156 913 2208 vll
932 2194 949 2220 ,
970 2172 1088 2224 cap.
1120 2158 1213 2215 ²4·
1234 2150 1411 2206 Hsan.

598 2254 686 2291 11.
732 2238 792 2289 ln
829 2238 1133 2287 austeriorem
1174 2244 1367 2301 gustum
1398 2236 1524 2284 vbi.

513 2318 721 2369 Vinum
736 2310 993 2387 ejusmodi
1010 2325 1183 2365 atrum
1198 2323 1251 2363 et
1266 2321 1528 2380 asperum,

511 2396 767 2449 Crucium
788 2404 940 2446 vocat
961 2392 1169 2454 Festus,
1195 2389 1401 2443 Gallam
1421 2390 1529 2442 Lu·

511 2476 665 2529 cilius
690 2492 703 2526 ε
740 2498 763 2521 ιι
788 2474 921 2538 Quoe
943 2470 1131 2542 gallam
1152 2469 1335 2521 bibere
1354 2486 1417 2521 ac
1443 2488 1534 2521 ru-

512 2562 603 2627 gas
614 2551 911 2607 conducere
924 2550 1095 2603 ventri
1113 2550 1273 2602 Farre
1284 2566 1501 2601 acetoso
1513 2585 1530 2613 ,

514 2637 633 2688 oleo
660 2632 957 2687 decumano
981 2667 998 2694 ,
1030 2648 1166 2700 pane
1208 2627 1381 2697 coegit
1420 2628 1530 2680 Cu-

514 2732 692 2769 mano.
713 2736 736 2759 ι
770 2709 1033 2780 Exemplo
1056 2704 1292 2761 Alexidis
1326 2718 1528 2775 poeto:

517 2790 637 2854 οἶνος
666 2792 841 2855 ξενικὸς
874 2793 1035 2859 παρῆν
1055 2818 1072 2845 s
1104 2790 1129 2839 ὁ
1158 2784 1253 2856 γὰρ
1291 2786 1528 2855 Κορίνθιος

518 2872 821 2941 βασανισμός
852 2870 941 2929 tea.
970 2869 1197 2921 Du..-—
1219 2866 1281 2919 11·
1306 2866 1534 2917 austerio-

518 2972 631 3006 rem.
663 2952 731 3003 Et
770 2954 907 3001 hanc
953 2944 1305 3001 austeritatem
1350 2955 1530 3005 nostro

516 3044 757 3101 tempore
768 3044 956 3097 magna
973 3042 1035 3077 ex
1056 3036 1205 3095 parte
1224 3022 1401 3075 ferunt
1412 3022 1535 3075 Asi-

518 3111 612 3164 ciae
652 3110 807 3169 vina,
852 3103 1024 3175 inquit
1060 3099 1226 3155 Andr.
1277 3102 1494 3155 Baceius
1515 3138 1532 3166 ,

520 3190 613 3242 lib.
643 3186 725 3238 VI
754 3184 823 3238 de
848 3184 984 3235 vinis
1005 3181 1122 3235 Ital.
1152 3199 1271 3251 pag.
1308 3182 1432 3234 281.
1461 3180 1530 3234 Η.

608 3284 628 3319 ι
644 3286 693 3319 2.
724 3262 1033 3316 Rmnhotinus
1052 3272 1269 3311 vocatur.
1298 3258 1534 3313 Rumbo-

520 3348 661 3399 tinus
688 3342 952 3399 Columel.
974 3340 1066 3393 lib.
1085 3340 1164 3405 V,
1196 3356 1309 3409 cap.
1336 3356 1398 3406 7,
1420 3356 1530 3391 non

519 3423 721 3477 arboris
751 3438 946 3492 genus,
976 3417 1067 3471 sed
1092 3418 1291 3471 arbusti
1313 3416 1531 3480 Gallici,

519 3503 680 3573 vulgo
714 3501 774 3553 de
814 3501 1020 3553 Ιιααιίω.
1072 3496 1215 3551 Vide
1250 3496 1388 3549 infra
1435 3496 1530 3549 lib.

519 3582 739 3645 XXIV,
763 3596 877 3650 cap.
908 3596 997 3646 ¹9·
1024 3579 1159 3631 Du..

605 3679 628 3714 1
642 3659 695 3714 3.
718 3658 1095 3729 Populum-bor.
1114 3655 1198 3707 Al.
1212 3646 1379 3724 blmlus
1388 3652 1534 3705 arbor

519 3740 751 3803 malunt,
776 3754 933 3810 quam
963 3754 1127 3789 corno
1154 3732 1379 3787 similem
1404 3733 1532 3787 facit

518 3818 833 3873 Columella.
876 3846 956 3861 --
994 3814 1205 3885 Populus
1241 3811 1401 3864 arbor.
1445 3812 1531 3866 Sic

516 3900 640 3953 libri
672 3914 881 3959 omnes,
918 3894 1077 3948 etiam
1106 3890 1259 3946 MSS.
1286 3890 1530 3961 proxime

516 3979 779 4053 appellati.
820 3976 954 4030 Sunt
985 3984 1185 4038 tamen,
1226 3971 1321 4045 qui
1360 3974 1530 4042 opulus

1613 1204 1759 1257 arbor
1794 1204 1898 1275 legi
1943 1204 2048 1258 boc
2085 1205 2204 1259 loco
2233 1224 2298 1258 ex
2331 1205 2642 1263 Columella

1611 1284 1798 1337 malint
1827 1302 1846 1339 ε
1880 1284 2072 1355 quihus
2108 1303 2206 1354 ego
2233 1284 2421 1338 lubens
2453 1304 2640 1340 usen-

1611 1363 1734 1417 tior.
1775 1364 1864 1417 Sic
1903 1362 2045 1417 enim
2075 1363 2168 1417 ille
2197 1362 2502 1435 descripsit,
2529 1365 2638 1423 lib.

1611 1442 1683 1507 V,
1707 1460 1821 1513 cap.
1843 1461 1897 1512 7,
1929 1460 2051 1513 pag.
2073 1460 2210 1512 192:
2240 1467 2263 1489 ι
2279 1442 2376 1496 Est
2401 1444 2634 1499 alterum

1609 1539 1774 1591 genus
1801 1521 2003 1574 arbusti
2027 1522 2217 1575 Gallici
2234 1558 2251 1585 ,
2289 1521 2433 1593 quod
2469 1540 2636 1578 voca-

1611 1612 1701 1652 tur
1751 1601 2120 1670 rumpotinum
2169 1620 2184 1653 :
2252 1600 2311 1653 id
2351 1600 2638 1670 ,desiderat

1612 1680 1852 1733 arborem
1871 1679 2126 1731 humilem
2139 1718 2155 1747 ,
2173 1698 2272 1732 nec
2294 1679 2630 1735 ftondosarn:

1611 1759 1698 1811 eui
1747 1759 1824 1811 rei
1873 1759 2098 1811 maxime
2144 1757 2356 1812 videtur
2401 1759 2636 1815 idoneus

1613 1838 1805 1907 opulus
1833 1855 1847 1889 ε
1875 1855 1936 1890 en
1961 1849 2040 1890 est
2056 1838 2213 1891 arbor
2233 1856 2398 1891 corno
2415 1840 2636 1896 similis.

1613 1917 1758 1981 Quin
1779 1917 1935 1970 etiam
1955 1934 2178 1981 cornus,
2203 1930 2258 1970 et
2279 1918 2552 1990 carpinus,
2577 1932 2636 1973 et

1613 2014 1794 2049 ormus
1811 2034 1826 2060 ,
1875 2014 2270 2067 nonnumquam
2323 2009 2376 2051 ct
2422 1998 2554 2051 salix
2603 2018 2633 2053 a

1613 2074 1880 2146 plerisque
1893 2076 1949 2128 in
1963 2076 2065 2128 hoc
2079 2075 2251 2147 ipsum
2267 2074 2588 2148 disponitur.
2601 2104 2625 2126 ι

1610 2153 1797 2226 Itaque
1873 2156 2238 2225 rumpotinum
2319 2156 2636 2212 Columella

1613 2234 1811 2286 arbusti
1837 2250 2005 2302 genus
2031 2246 2140 2297 est,
2173 2236 2196 2287 ὁ
2227 2230 2471 2305 δινδρὸν,
2506 2236 2636 2289 viti-

1613 2311 1712 2365 bus
1725 2310 2032 2365 maritandis
2047 2312 2295 2367 idoneum
2307 2352 2324 2379 ,
2351 2332 2417 2366 ex
2431 2316 2630 2384 opulo,

1614 2410 1780 2443 cornu
1802 2430 1816 2455 ,
1859 2391 2038 2445 aliisve
2085 2391 2393 2458 conditum,
2439 2412 2630 2464 quem·

1613 2468 1900 2523 admodum
1919 2470 2202 2525 ulman-ium
2220 2488 2282 2524 ex
2299 2472 2472 2525 ulmis.
2489 2473 2629 2545 Ipsa

1613 2566 1739 2601 vero
1763 2549 2008 2613 arbores,
2035 2551 2229 2621 quibus
2257 2552 2628 2622 rumpotinum

1611 2628 1913 2692 constabat,
1961 2630 2280 2701 rumpotinoe
2317 2648 2530 2702 quoque
2571 2646 2628 2685 et

1613 2706 1739 2777 ipsae
1766 2706 2104 2772 dicebantur,
2145 2721 2274 2762 teste
2297 2708 2486 2762 eodem
2517 2712 2627 2783 Co·

1613 2786 1826 2839 lumella
1847 2825 1863 2855 ‚
1905 2805 2021 2859 pag.
2076 2788 2198 2857 198.
2247 2788 2479 2854 Plinius,
2527 2790 2625 2844 lib.

1615 2866 1832 2930 XXIV,
1864 2884 1982 2936 cap.
2020 2884 2042 2919 t
2059 2884 2158 2920 ηε
2192 2893 2215 2915 ι
2235 2868 2626 2940 Rumpotinum

1616 2946 1858 2998 arborem
1882 2944 2357 2999 demonstravimus
2383 2950 2523 3001 inter
2543 2968 2629 3003 ar·

1615 3026 1781 3077 busta.
1827 3050 1850 3070 ι
1909 3024 2178 3078 Peculiare
2212 3026 2416 3079 arboris
2459 3046 2630 3099 genus

1613 3102 1712 3156 hac
1732 3120 1862 3156 voce
1883 3104 2050 3175 signat
2063 3142 2080 3169 ,
2103 3118 2280 3177 atque,
2301 3118 2358 3157 ut
2375 3106 2632 3175 arbitror,

1615 3183 1836 3253 opulum
1871 3201 1982 3236 eam
2011 3222 2027 3246 ,
2062 3182 2130 3237 de
2174 3202 2279 3255 qua
2316 3185 2630 3239 Columella.

1615 3262 1740 3325 Quo
1779 3278 1905 3314 vero
1935 3264 2150 3317 nomine
2191 3264 2442 3334 appellari
2479 3264 2632 3337 apud

1615 3358 1716 3393 nos
1765 3354 2004 3409 oporteat
2024 3380 2048 3409 ,
2099 3354 2258 3413 atque
2309 3340 2443 3396 adeo
2496 3364 2634 3397 num

1617 3418 1761 3489 apud
1787 3437 1884 3474 nos
1913 3422 2088 3486 vivat,
2123 3420 2417 3493 disceptant
2441 3422 2636 3478 herba·

1615 3498 1700 3550 rii.
1727 3498 1931 3552 Verum
1953 3512 2006 3553 et
2025 3502 2282 3572 populum
2305 3501 2360 3554 in
2381 3502 2478 3554 hos
2504 3520 2633 3557 usus

1617 3576 1746 3629 olim
1778 3576 2064 3631 adhibitam
2094 3579 2236 3633 haud
2273 3592 2472 3633 temere
2511 3600 2634 3635 cre-

1619 3654 1796 3710 dimus
1815 3696 1832 3721 ,
1867 3676 2028 3728 quum
2056 3658 2324 3731 hodieque
2356 3659 2424 3712 ad
2451 3661 2636 3715 Bono·

1615 3736 1788 3801 niam,
1841 3736 2078 3791 Parmam
2101 3776 2123 3803 ,
2171 3739 2596 3811 Placentiamque
2617 3778 2637 3807 ,

1617 3814 1672 3869 in
1699 3816 1836 3887 agris
1855 3816 2014 3881 vites,
2053 3817 2262 3871 infinita
2287 3818 2452 3879 serie,
2477 3820 2636 3873 arbo·

1615 3912 1842 3967 rumque
1875 3897 2052 3965 potius
2088 3914 2303 3951 nemora
2337 3898 2634 3971 populnea·

1615 3990 1732 4026 rum
1751 4008 1770 4038 ,
1799 3974 2168 4047 ulmorumque
2190 3976 2294 4032 sint
2313 4012 2330 4041 ,
2359 3976 2416 4032 iu
2439 3978 2636 4050 quibus
