2850 4684
1054 388 1369 456 LIBER
1424 390 1589 457 XV.

2238 390 2387 485 373

253 524 394 591 Cn.
433 518 727 611 Pompeii
771 540 854 586 ιιι
903 517 1250 587 consulatu
1287 518 1506 588 oleum
1556 523 1918 613 provinciis
1964 521 2219 592 Italiam
2268 528 2381 593 mi·

251 628 440 695 sisse.
485 621 876 693 Hesiodus¹⁰
921 648 1186 718 quoque
1225 626 1292 692 in
1335 627 1563 719 primis
1606 625 1855 695 cultum
1897 652 2208 722 agrorum
2262 630 2389 699 do-

259 730 542 802 cendam
580 728 935 798 arbitratus
976 730 1182 798 vitam
1204 784 1224 816 ,
1263 733 1530 825 negavit
1570 732 1729 803 oleae
1766 748 2049 803 satorem
2100 734 2391 805 fructum

259 862 348 907 ex
383 860 458 907 ca
496 837 864 931 percepisse
896 860 1294 930 quemquam
1323 862 1339 904 ε
1372 851 1508 905 tam
1546 838 1737 908 tarda
1764 854 1923 909 tunc
1963 864 2067 909 res
2109 856 2268 910 erat.
2306 848 2394 909 At

261 968 446 1013 nunc
481 944 680 1011 etiam
718 943 787 1009 in
828 940 1171 1034 plantariis
1193 940 1238 967 ¹¹
1268 957 1528 1030 serunt,
1557 943 2154 1040 translatarumque
2183 946 2392 1018 altero

259 1074 442 1119 anno
467 1048 914 1141 decerpuntur
938 1047 1175 1117 baccae.

371 1158 463 1225 11.
519 1154 846 1223 Fabianus
907 1166 1106 1248 negat
1153 1155 1507 1247 provenire
1547 1157 1615 1223 in
1669 1154 2107 1251 frigidissimis
2148 1156 2389 1242 oleam,
2434 1190 2456 1224 ι

258 1286 480 1355 neque
517 1262 586 1328 in
625 1256 1048 1329 calidissimis,
1088 1261 1352 1329 Genera
1385 1284 1614 1330 earum
1653 1262 1774 1331 tria
1812 1262 1981 1332 dixit
2014 1264 2388 1358 Virgilius¹,

259 1368 589 1447 orchiteS,
627 1379 696 1435 et
731 1364 948 1434 radios
969 1419 988 1451 ‚
1030 1379 1098 1434 et
1146 1368 1448 1459 pausias:
1490 1391 1614 1437 nec
1658 1367 2031 1438 desiderare
2082 1384 2326 1441 rastros
2342 1369 2389 1451 ²,

257 1487 380 1543 aut
435 1456 691 1555 falces³,
740 1469 1024 1541 ullamve
1078 1496 1326 1541 curam.
1367 1474 1526 1566 Sine
1572 1472 1773 1543 dubio
1817 1488 1885 1543 et
1943 1477 2012 1543 in
2055 1476 2133 1545 iis
2178 1475 2389 1546 solum

261 1581 588 1663 maxime,
629 1575 992 1671 caelumque
1058 1576 1278 1647 refert.
1343 1580 1825 1649 Verumtamen
1888 1596 1954 1649 et
2004 1582 2392 1665 tondentur,

257 1708 470 1789 quum
517 1698 587 1753 et
622 1685 790 1753 vites
833 1709 848 1751 :
891 1698 1089 1778 atque
1133 1686 1327 1753 etiam
1379 1674 1728 1754 interradi⁴
1772 1686 2081 1782 gaudent.
2136 1691 2383 1759 Conse·
2428 1726 2457 1758 ι

257 1906 320 1940 ce
371 1887 582 1951 ferunt,
635 1897 852 1958 quartus
876 1925 892 1949 ,
937 1902 1094 1957 quem
1125 1904 1282 1938 num·

259 1984 426 2039 quam
454 1966 630 2037 gessit.
661 1964 846 2018 nanu.

353 2064 436 2099 ιο.
451 2045 710 2098 Hesiodus.
733 2044 891 2098 Nunc
912 2062 1122 2097 carmen
1149 2040 1280 2097 illud

259 2122 550 2181 intercidit.
582 2126 763 2177 Hanc.

350 2221 438 2258 ιι.
470 2205 530 2257 In
549 2204 829 2276 plantariis.
861 2203 994 2269 Quae
1031 2215 1085 2256 et
1121 2203 1279 2256 semi·

259 2284 415 2345 naria
435 2296 707 2348 vocantur,
729 2284 812 2335 des
825 2286 1108 2353 pepinikres,
1134 2282 1281 2355 plan·

260 2378 442 2417 tarum
457 2364 626 2425 locus,
645 2360 810 2427 unde,
831 2380 996 2433 quum
1020 2381 1157 2434 opus
1177 2374 1276 2425 est,

259 2444 668 2497 transferuntur.
697 2442 879 2495 Hau).
909 2473 991 2483 —
1019 2442 1098 2495 De
1140 2442 1281 2495 olea·

259 2540 386 2576 rum
403 2520 674 2593 plantariis
686 2561 702 2586 ‚
720 2520 1024 2592 generibus,
1043 2520 1248 2575 cultura
1264 2561 1281 2587 ,

260 2612 366 2655 etc.
397 2599 522 2654 vide
555 2618 674 2672 qum
715 2599 850 2653 dixit
889 2600 972 2654 cl.
1010 2599 1283 2655 Gerardus

261 2678 410 2743 (not.
443 2670 608 2749 ined.)
624 2719 641 2744 ,
665 2680 880 2733 Excurs.
897 2679 972 2743 11,
989 2678 1057 2733 ad
1083 2680 1280 2733 calcem

259 2762 425 2829 hujus
451 2759 596 2813 libri.
625 2760 733 2813 En.

344 2839 419 2891 11.
460 2857 508 2893 ι.
541 2838 800 2908 Virgilius.
831 2836 1025 2909 Georg.
1059 2838 1154 2891 lib.
1198 2838 1282 2905 11,

259 2938 316 2979 v.
350 2916 428 2973 85
451 2936 466 2972 e
501 2943 524 2966 ιι
559 2918 672 2973 Nec
699 2918 918 2989 pingues
939 2936 1098 2970 unam
1125 2918 1182 2971 in
1205 2917 1283 2970 fa-

261 2999 401 3053 ciem
423 3010 710 3053 nascuntur
727 2999 906 3063 olivo,
930 2996 1175 3050 Orchites
1189 3034 1206 3060 ,
1232 3008 1284 3051 et

261 3076 430 3143 radii,
455 3090 508 3131 et
525 3096 698 3131 amara
712 3078 892 3149 pausia
908 3076 1086 3130 bacca.
1112 3102 1135 3125 n
1171 3076 1304 3129 Uhi.

267 3156 489 3211 Orcades
525 3158 678 3213 MSS.
724 3156 977 3209 exhibent
993 3194 1010 3220 ,
1051 3153 1197 3227 quod
1228 3167 1282 3208 et

262 3236 516 3291 carminis
540 3237 674 3300 ratio
694 3236 886 3307 poscit.
905 3235 974 3288 Et
998 3233 1142 3307 apud
1167 3235 1283 3289 Ma·-

261 3316 512 3371 crobium
539 3314 779 3389 quidem,
810 3317 1019 3372 saturn.
1055 3316 1150 3368 lib.
1194 3315 1282 3381 11,

261 3413 384 3466 cap.
409 3414 431 3449 ι
445 3400 478 3449 6
493 3434 512 3461 ,
537 3396 729 3467 p..739
743 3430 758 3453 ‚
780 3395 946 3448 «Olea
964 3395 1150 3449 orchus
1165 3432 1182 3464 ,
1202 3413 1284 3447 ra·

261 3474 383 3529 dius
396 3513 415 3541 ‚
432 3476 612 3548 pausia
630 3500 653 3521 ι
667 3473 880 3548 legitur.
901 3472 1092 3531 Ceteri
1107 3467 1282 3528 tamen

262 3554 574 3625 scriptores,
597 3572 830 3626 quorum
851 3571 959 3607 non
987 3566 1065 3606 est
1089 3554 1283 3607 carmi-

261 3634 348 3687 nis
363 3634 568 3704 legibus
579 3632 820 3687 adstricta
835 3632 1032 3699 oratio,
1052 3632 1284 3687 orchitin

265 3726 477 3767 vocant.
511 3714 687 3766 Varro
728 3710 797 3765 de
829 3713 894 3765 L.
933 3714 996 3766 L.
1028 3712 1124 3769 lib.
1164 3712 1242 3763 lv
1265 3750 1282 3777 ,

263 3810 382 3865 pag.
411 3794 503 3845 28.
525 3792 662 3845 Fest.
691 3792 765 3845 in.
795 3792 1004 3863 Fragm.
1035 3808 1155 3861 pag.
1177 3791 1281 3844 30:

271 3898 294 3918 ·
329 3870 582 3925 Orchitin
623 3872 828 3925 Atteius
871 3870 1180 3940 Philologus
1228 3870 1283 3923 in

263 3951 633 4016 collectaneis,
660 3950 734 4004 ait
771 3969 880 4003 esse
914 3966 1080 4022 genus
1115 3948 1244 4001 olea
1267 3988 1286 4015 ,

263 4029 486 4085 ductum
516 4048 580 4083 cx
609 4046 779 4099 groco
811 4030 1002 4099 ὄρχεις,
1039 4026 1184 4099 quod
1209 4040 1288 4081 te·-

1366 1885 1677 1939 sticulorum
1700 1887 1770 1941 sit
1788 1886 2197 1959 magnitudinis}
2215 1890 2393 1962 itaque

1369 1965 1547 2019 vocari
1578 1982 1641 2019 ex
1668 1986 1733 2019 eo
1756 1967 2003 2021 orchitin.
2028 1993 2050 2014 ι
2086 1968 2309 2035 Orobis,
2338 1982 2391 2023 et

1367 2043 1573 2109 radius,
1603 2046 1817 2099 Colum.
1836 2047 2015 2109 lib.v‚
2042 2066 2161 2117 cap.
2181 2050 2213 2102 8
2232 2084 2248 2111 ,
2264 2068 2385 2119 pag.

1376 2140 1398 2175 ι
1409 2143 1443 2193 9
1453 2130 1507 2187 4.
1521 2125 1803 2196 Virgilius,
1830 2125 2033 2179 Plinius
2047 2164 2065 2188 ,
2078 2127 2273 2198 aliique
2286 2167 2303 2193 ,
2318 2129 2387 2182 ab

1366 2204 1507 2257 oliva
1521 2244 1537 2266 ,
1568 2206 1718 2276 cujus
1734 2206 1977 2263 orchitis‚
1998 2218 2051 2261 et
2068 2204 2205 2265 radii
2220 2245 2236 2270 ,
2253 2226 2387 2279 pau·

1367 2283 1562 2355 simque
1607 2286 1825 2356 propria
1865 2285 2151 2356 appellatio
2175 2299 2289 2352 est,
2320 2285 2385 2339 ad

1365 2362 1673 2417 eorumdem
1713 2382 1967 2436 generum
2015 2365 2233 2437 stirpem
2274 2366 2385 2419 sin-

1365 2443 1487 2515 gula
1514 2442 1627 2498 haec
1656 2444 1874 2498 nomina
1899 2444 2216 2499 transtulere
2240 2464 2253 2498 :
2286 2464 2385 2499 nec

1365 2523 1537 2574 oleam
1566 2534 1740 2575 tamen
1767 2522 1876 2588 illi,
1902 2534 1963 2578 ut
1990 2524 2161 2575 visum
2187 2538 2265 2578 est
2282 2544 2380 2577 no·

1364 2601 1498 2654 vitio
1528 2602 1801 2672 scriptori,
1846 2618 1947 2672 pro
1997 2602 2135 2657 oliva
2182 2600 2385 2659 dixere.

1367 2678 1503 2733 Nam
1554 2682 1671 2748 quis
1715 2681 1885 2733 oleam
1932 2699 2042 2733 non
2087 2678 2383 2735 desiderare

1364 2772 1563 2812 rastros
1586 2778 1749 2826 quum
1783 2756 1997 2823 audiat,
2046 2756 2113 2811 de
2144 2758 2285 2813 oliva
2324 2758 2383 2813 id

1367 2837 1475 2893 dici
1493 2877 1510 2906 ,
1533 2837 1633 2891 nisi
1656 2836 1881 2901 bardus,
1908 2837 2202 2891 existimet?
2233 2840 2303 2892 Η.

1451 2938 1503 2971 2.
1531 2919 1749 2970 Rastros.
1772 2916 1921 2971 Idem
1950 2917 2145 2988 Georg.
2176 2917 2269 2973 lib.
2296 2920 2383 2985 11,

1366 3015 1418 3049 v.
1457 3003 1567 3061 4²0
1612 3013 1627 3049 :
1689 3022 1712 3045 ιι
1756 2998 1983 3063 Contra,
2030 3015 2138 3049 non
2172 2998 2277 3050 ulla
2303 2994 2401 3053 οε(

1366 3076 1498 3131 oleis
1518 3076 1723 3129 cultura
1757 3096 1770 3129 ε
1798 3094 1971 3147 neque
2011 3076 2115 3129 ina
2155 3077 2385 3131 Procur-

1365 3173 1484 3209 πω
1520 3168 1821 3228 exspectant
1854 3157 2385 3229 falcem,rastrosque

1366 3247 1593 3299 tenaces,
1602 3235 1783 3300 Quum
1792 3236 1950 3289 semel
1960 3235 2219 3291 hauserunt
2230 3238 2387 3302 arvis,

1365 3332 1623 3385 aurasque
1648 3314 1900 3369 tulerunt.
1913 3317 2035 3387 Ipsa
2059 3316 2181 3370 satis
2200 3316 2383 3383 tellus,

1369 3407 1469 3449 etc.
1502 3420 1528 3442 ι
1558 3396 1740 3448 Ηυιυ.

1452 3473 1711 3529 3.Falces.
1736 3474 1833 3528 Gr.
1856 3486 1909 3527 et
1932 3474 2017 3527 Al.
2029 3475 2227 3541 sulcem.
2252 3476 2357 3529 En.

1452 3559 1507 3617 4.
1539 3552 1800 3606 Inter-radi.
1830 3552 2094 3607 Interradi
2125 3552 2385 3611 dicuntur

1369 3634 1585 3688 arbores
1606 3670 1625 3697 ,
1647 3631 1859 3705 quando
1904 3634 2037 3687 rami
2083 3632 2387 3689 intermedii

1367 3711 1711 3768 succiduntur
1731 3752 1747 3777 ‚
1786 3712 2039 3784 quoniam
2060 3712 2289 3767 densitas
2306 3714 2388 3767 of-

1369 3794 1484 3848 ficit
1511 3812 1525 3846 ε
1548 3789 1777 3864 ideoque
1800 3792 2085 3847 laxioribus
2102 3793 2387 3847 intervallis

1371 3870 1607 3925 serendo
1648 3884 1769 3925 sunt
1815 3873 2045 3925 arbores.
2093 3869 2233 3924 Vide
2270 3890 2391 3941 qun

1373 3950 1567 4006 dicturi
1594 3970 1775 4005 sumus
1811 3952 1907 4005 lib.
1951 3951 2277 4023 XV11,cap.
2300 3952 2391 4009 30.

1376 4030 1519 4085 Usus
1544 4050 1603 4083 ea
1635 4048 1765 4085 voce
1792 4029 2091 4083 Columella
2114 4068 2129 4091 ,
2184 4029 2279 4083 lib.
2320 4027 2393 4085 de

1974 4120 2111 4221 24³
