2850 4684
1028 368 1347 436 LIBER
1396 368 1627 437 XIII.
2245 362 2386 435 231

248 497 715 591 arborumque
760 497 985 591 generi
1028 496 1456 594 adscripsisse
1472 498 1500 543 ¹··
1536 524 1552 567 ε
1599 498 1913 593 quoniam
1957 496 2394 590 quarumdam

247 616 514 673 naturas
548 596 773 694 (sicut
796 602 1259 698 distinguimus
1282 603 1303 629 ²
1327 597 1392 695 ),
1418 603 1680 700 lignum
1709 626 1910 673 omne
1947 603 2212 672 corticis
2245 602 2396 672 loco

250 708 547 797 habent,
588 709 724 780 hoc
758 722 896 795 est,
947 708 1359 781 forinsecus·
1402 710 1566 807 ligni
1597 724 1820 780 antem
1857 706 2010 778 loco
2045 707 2397 803 fungosam

248 814 433 885 intus
468 814 873 902 medullam,
915 830 991 885 ut
1028 816 1369 887 sambuci:
1412 816 1716 913 quandam
1763 838 1926 885 vero
1961 814 2344 883 inanitatem
2375 868 2397 901 ,

248 934 331 989 ut
368 922 754 992 arundines.
826 919 1063 992 Ferula
1098 922 1331 995 calidis
1370 924 1668 996 nascitur
1705 906 1927 1008 locis³,
1967 931 2168 1050 alque
2209 934 2393 991 trans

254 1028 468 1096 maria
490 1078 511 1113 ,
566 1014 995 1119 geniculatis⁴
1053 1029 1300 1101 nodata
1360 1028 1594 1125 scapis.
1657 1030 1816 1099 Duo
1875 1011 2056 1121 ejus⁵
2111 1050 2394 1119 genera·

254 1134 581 1203 nartheca
606 1134 827 1205 Graeci
848 1149 1093 1205 vocant
1108 1150 1606 1232 ,assurgentem
1638 1134 1706 1203 in
1741 1132 2203 1203 altimdinem.
2244 1155 2396 1201 nar-

254 1238 545 1334 theeyan
590 1264 755 1310 vero
784 1265 1045 1335 semper
1078 1241 1415 1313 humilem.
1449 1245 1508 1315 A
1541 1223 1858 1337 genibus⁶
1897 1238 2204 1309 exeuntia
2241 1236 2398 1309 folia

252 1344 543 1415 maxima
560 1398 582 1431 ,
640 1360 719 1415 ut
750 1370 1029 1441 quaeque
1062 1362 1255 1418 terroe
1289 1350 1612 1443 proxima.
1659 1344 1966 1417 Caetem⁷
2009 1358 2249 1413 natura
2285 1366 2396 1412 ea-

254 1448 408 1519 dem
428 1502 453 1535 ,
481 1476 635 1545 quae
670 1450 953 1539 anetho,
980 1468 1049 1522 et
1072 1452 1295 1523 fructu
1330 1454 1578 1524 similis.
1612 1451 1794 1522 Nulli
1821 1452 2136 1521 fruticum
2163 1448 2395 1519 levitas

254 1556 515 1647 major:
554 1557 646 1627 ob
680 1558 749 1627 id
775 1573 1033 1653 gestatu
1074 1546 1387 1642 facilior⁸,
1416 1558 1805 1631 baculorum
1839 1582 2033 1626 usum
2071 1556 2393 1625 senectuti

253 1662 535 1756 praebet.

353 1770 614 1837 XLIII.
645 1770 886 1838 Semen
912 1769 1139 1840 ferulae
1158 1820 1178 1855 ,
1208 1770 1536 1865 thapsiam
1567 1769 1836 1864 quidam
1865 1790 2190 1837 vocavere
2217 1792 2233 1834 ε
2276 1765 2390 1834 de-

256 1876 427 1969 cepti
460 1899 578 1963 eo,
611 1876 924 1971 quoniam
957 1874 1168 1945 ferula
1206 1877 1348 1945 sine
1390 1875 1596 1944 dubio
1617 1873 1636 1899 ¹
1681 1888 1780 1943 est
1815 1872 2073 1967 thapsia
2099 1926 2118 1959 ,
2149 1871 2260 1941 sed
2289 1874 2392 1941 sui

326 2072 506 2127 XLII.
548 2094 599 2129 1.
628 2073 963 2147 Arbon-umque
990 2078 1169 2147 generi,
1191 2075 1280 2128 ad-

250 2156 509 2223 sumpsisse.
554 2153 933 2209 Suffruticibus
966 2167 1280 2209 annumerat

250 2232 670 2305 Theophrastus.
696 2233 899 2289 nunc.

328 2332 385 2365 s.
426 2311 569 2365 Sicut
606 2313 958 2383 distinguimus.
1004 2314 1087 2370 Ita
1124 2312 1279 2367 MSS.

252 2390 380 2463 Reg.
419 2392 576 2446 colb.
597 2392 829 2464 aliique,
868 2411 978 2446 non
1016 2412 1141 2447 vero
1186 2394 1281 2445 dis·

253 2474 569 2539 tinguet-as.
568 2472 751 2525 Haun-

1363 2074 1395 2127 J
1402 2068 1526 2138 uss.)
1545 2072 1767 2145 Egregie
1783 2070 2156 2126 describuntur
2172 2092 2203 2125 a
2218 2074 2394 2129 Theo·

1362 2153 1562 2227 phrast.
1596 2146 1702 2207 loc'.
1745 2150 1833 2206 cit.
1875 2150 2112 2224 Utraque
2151 2152 2389 2219 biennis,

1361 2233 1613 2287 foliorum
1658 2231 2147 2305 decompositorum
2179 2234 2392 2304 capilla-

1361 2330 1578 2365 ceorum
1612 2312 1817 2383 vaginis
1841 2311 2136 2378 latissimis,
2169 2311 2391 2367 floribus

1359 2392 1517 2445 luteis
1531 2403 1583 2444 et
1596 2391 1858 2445 similibus
1879 2393 2072 2445 anetho
2097 2392 2389 2447 seminibus

1360 2470 1665 2543 insignitur.
1703 2470 1801 2523 Illa
1837 2482 2014 2523 autem
2049 2472 2220 2538 major
2262 2471 2390 2526 folia

334 2548 391 2601 3.
434 2550 619 2603 Fet-ula
656 2550 829 2603 calidis
884 2554 1099 2603 nascitus·
1142 2552 1275 2603 heis.

254 2628 541 2699 Copiosior
568 2630 865 2701 clariorque
896 2631 1085 2685 harum
1116 2631 1280 2683 bisto-

250 2706 335 2759 ria
356 2706 579 2779 petenda
604 2728 633 2762 e
658 2710 1045 2782 Theophrasto·
1072 2711 1275 2763 Dauo.

251 2788 545 2843 -Fema
564 2788 765 2843 Grecis
777 2790 969 2858 νάρθηξ.
988 2789 1052 2843 Ῑιι
1074 2788 1277 2859 Apulia

250 2865 503 2939 frequens
524 2903 541 2933 ,
608 2869 782 2939 inquit
836 2868 1151 2921 Matthiolus
1169 2906 1186 2933 ,
1242 2888 1277 2922 a

248 2964 361 3017 quo
392 2959 539 3001 recte
574 2948 846 3020 pingitur,
886 2948 943 3001 in
974 2948 1149 3001 Diosc.
1177 2947 1273 3000 lib.

248 3026 367 3093 m,
401 3046 524 3098 pag.
571 3046 717 3097 792,
757 3028 964 3099 qualem
1006 3028 1065 3080 in
1108 3028 1273 3080 horto

250 3106 420 3176 Regio
445 3104 695 3160 vidimus.
720 3108 906 3160 Ilum.

328 3192 387 3249 4.
417 3185 740 3240 Geniculaec’s·
774 3189 1003 3257 Scapum
1027 3204 1120 3239 seu
1154 3204 1273 3239 cau-

248 3260 357 3317 lem
394 3265 485 3318 hic
526 3266 687 3322 habet
708 3304 725 3332 ,
765 3266 1019 3337 geniculis
1054 3265 1273 3336 quibus-

249 3340 391 3411 dam,
410 3342 469 3397 id
489 3356 585 3411 est,
606 3344 922 3399 internodiis
935 3345 1273 3416 articulisque

250 3420 579 3479 distinctum.
607 3425 793 3479 Hsan.

326 3504 375 3555 5.
396 3504 516 3557 Duo
531 3506 649 3574 ejus.
670 3504 909 3575 Νᾶρθηκα
930 3516 985 3556 et
1000 3505 1265 3573 ναρθηκὺαν

248 3582 525 3655 Theophr.
548 3594 707 3637 vocat
727 3584 867 3637 nist.
892 3584 986 3637 lib.
1011 3582 1093 3635 VI
1107 3620 1124 3649 ,
1151 3602 1268 3655 cap.

254 3680 303 3715 α.
342 3662 595 3717 Fet-ulam
642 3674 699 3717 et
736 3662 1082 3733 ferulaginem
1127 3661 1270 3717 Gaza

248 3742 452 3797 vertit:
490 3754 657 3798 recte.
694 3742 877 3795 Hau).
920 3774 995 3785 ——
1038 3741 1270 3811 Ναρθηξ,

244 3822 475 3891 ναρθηκια.
531 3822 850 3877 Graecorum
908 3834 1029 3877 sunt
1088 3820 1141 3871 Γ
1136 3822 1272 3873 ereda

244 3905 501 3955 communis
514 3942 531 3966 ,
566 3913 623 3955 et
656 3902 862 3953 meoidcs
890 3890 911 3969 (
922 3900 1163 3953 Peneaad.
1200 3900 1274 3952 di-

242 3998 353 4049 εγω.
398 4000 525 4053 gen.
578 3986 739 4050 692,
778 3980 920 4041 Rei-s.
982 3978 1273 4048 Umbelliser.

1360 2551 1523 2605 habet
1548 2548 1848 2621 longissima
1866 2586 1883 2615 ,
1911 2550 2027 2601 hoec
2049 2548 2227 2602 minor
2258 2549 2388 2605 folia

1361 2628 1767 2703 appendiculam
1789 2640 2010 2681 setacea.
2033 2626 2200 2679 Addit
2225 2628 2384 2683 etiam

1364 2710 1590 2781 Spreng.
1635 2728 1698 2761 ex
1728 2704 1986 2759 Tournef.
2024 2706 2211 2757 Itiner.
2239 2707 2300 2771 Ι,
2327 2726 2383 2779 p.

1363 2808 1470 2855 290
1487 2828 1502 2854 ,
1522 2788 1577 2841 in
1597 2786 1780 2839 insulis
1795 2785 1956 2837 Archi
1965 2786 2134 2855 pelagi
2156 2785 2385 2839 Fet-ulam

1356 2868 1610 2937 glaucam,
1629 2864 1910 2918 neotericis
1939 2864 2134 2918 Graecis
2166 2866 2382 2935 νάρθηκα

1361 2946 1558 3000 dictam
1584 2963 1837 3001 crescere.
1870 2943 1954 2999 Cf.
1997 2944 2112 2997 Fim
2129 2945 2283 3015 ,stor·
2319 2947 2382 2998 de

1364 3028 1419 3077 V
1416 3026 1550 3095 ergit.
1569 3038 1606 3077 t.
1629 3024 1768 3075 VIII
1785 3061 1802 3088 ,
1822 3042 1877 3095 p.
1903 3022 2100 3091 55,ed.
2113 3036 2247 3077 nost.
2272 3024 2379 3079 En.

1442 3108 1497 3159 6.
1525 3107 1579 3157 A
1605 3103 1821 3174 genibus.
1849 3106 1895 3155 A
1920 3100 2076 3155 nodis
2110 3104 2238 3170 illis,
2271 3106 2380 3159 sive
2485 3147 2490 3159 .

1357 3184 1628 3249 articulis,
1680 3181 1750 3236 de
1794 3182 1990 3255 quibus
2034 3180 2238 3236 dictum
2282 3198 2376 3239 est.

1357 3264 1448 3319 Sic
1483 3262 1760 3335 Theophr.
1797 3264 1956 3317 ambo
1979 3261 2160 3315 ferulae
2187 3282 2380 3335 genera

1356 3342 1490 3396 dicit
1530 3362 1638 3397 esse
1663 3337 1925 3413 γονατώδη
1948 3380 1965 3407 ,
2003 3342 2088 3411 ἀφ’
2117 3336 2179 3395 ὧν
2220 3343 2287 3395 τά
2322 3366 2376 3398 τι

1356 3424 1514 3493 φύλλα
1563 3420 1834 3489 βλαςοίνει,
1887 3433 1942 3475 et
1989 3434 2212 3486 caetera,
2264 3442 2381 3494 quae

1355 3502 1518 3575 paulo
1537 3502 1750 3556 uberius
1767 3501 1874 3565 ille,
1893 3518 2050 3571 quam
2075 3501 2290 3555 Plinius.
2309 3502 2378 3557 Η.

1439 3600 1493 3652 7.
1535 3582 1743 3634 Coetero.
1787 3580 1994 3633 Florem
2031 3580 2222 3647 habet,
2265 3582 2380 3635 fru-

1358 3674 1611 3732 ctumque
1634 3659 1825 3713 anetho
1837 3660 2080 3713 similem.
2103 3660 2380 3731 Theophr.

1358 3732 1582 3795 Ἐνταῦθα
1609 3738 1668 3794 δὲ
1693 3743 1752 3793 τό
1784 3761 1836 3792 τι
1864 3738 2041 3805 ἄνθος,
2087 3740 2170 3793 καὶ
2211 3744 2234 3793 ὁ
2265 3760 2383 3809 καρ-

1358 3822 1489 3882 πός..
1500 3822 1762 3897 .x.a.02imp
1789 3820 1844 3871 τὸ
1873 3820 2062 3875 ἄνηθον.
2089 3818 2273 3874 Ηιιιι).

1446 3904 1496 3955 8.
1536 3900 1764 3952 Facilior.
1795 3901 1858 3951 Ῑιι
1894 3898 2044 3951 MSS.
2059 3900 2151 3963 suc
2141 3898 2278 3950 ·ilius.
2313 3898 2380 3949 H.

1445 3978 1895 4031 XLI11.1.Feruta
1911 3980 2010 4027 sine
2021 3978 2180 4029 dubio.
2200 3976 2268 4028 -l
2270 3995 2384 4030 eru·

1623 4088 1634 4102 “
1991 4106 2016 4150 1
2040 4080 2080 4151 5
2095 4082 2118 4112 '⁴
