2850 4684
1024 370 1325 447 LIBER
1376 373 2354 466 xv1.l,81

236 521 306 576 et
332 507 691 595 rostrata-2⁷,
723 509 1025 641 quamvis
1064 511 1135 577 in
1166 508 1425 597 duobus
1461 509 1745 576 maxime
1775 504 1860 576 ad
1889 507 2018 577 hoc
2048 511 2168 578 aevi
2202 510 2366 580 cele·

236 614 429 682 bres:
462 616 557 681 M.
588 600 929 685 Varrone⁸
972 638 1011 683 e
1040 616 1329 709 piraticis
1368 611 1604 700 bellis,
1647 612 1844 683 dante
1881 615 2132 709 Magno
2167 617 2364 685 Potn-

235 720 443 813 peio·
428 721 765 814 .itemque
812 722 907 789 M.
941 724 1322 815 Agrippa,
1255 718 1282 759 ⁹
1358 720 1692 789 tribuente
1729 722 1984 790 Caesare
2018 745 2055 789 e
2090 720 2322 791 Siculis
2345 764 2368 810 ,-

236 848 389 919 quae3
430 838 498 893 et
534 826 675 919 ipsa
713 827 989 920 piratica
1029 826 1233 896 fuere.
1277 774 1492 895 Antea
1525 839 1742 895 rostra
1779 824 2120 895 navium¹⁰
2156 827 2364 896 tribu·
2404 860 2432 893 2

238 982 511 1055 Scaliger-o
544 984 722 1050 latuit,
752 987 847 1058 qui
882 982 1262 1040 Gruterianum
1342 998 1510 1039 castra
1529 1004 1768 1057 pugnans
1793 984 2048 1041 introivit.
2071 986 2150 1039 Ea
2171 1004 2368 1042 corona

234 1062 481 1117 Iudicem
514 1065 849 1119 concinnavit
890 1079 906 1118 ι·
953 1078 1263 1139 constatque
1340 1064 1545 1137 insigne
1571 1064 1696 1118 valli
1715 1064 1891 1118 habet.
1920 1062 2099 1118 Ηιιιιι.

236 1140 451 1214 liquido
480 1160 545 1197 ex
566 1144 733 1199 altera
747 1144 1120 1217 inscriptione,
1142 1164 1261 1217 pag.

241 1222 359 1287 430
420 1240 435 1275 ι
500 1240 747 1278 cononis.
801 1242 1128 1279 xvmunvs.
1186 1225 1261 1279 11.

235 1319 593 1355 vmantnvs.
624 1302 697 1356 11.
746 1322 1020 1357 enasstcts.
1046 1306 1120 1357 11.
1169 1324 1262 1357 av·

240 1396 426 1434 naa-ts.
448 1382 523 1434 11.
551 1383 751 1435 Aureaa
774 1402 807 1437 a
829 1383 1003 1437 Plinio
1035 1382 1263 1455 intelligi

236 1459 478 1512 arbitror
506 1461 843 1532 triumphales,
879 1480 1012 1533 quaa
1034 1479 1097 1515 ex
1131 1480 1263 1516 auro

235 1538 359 1591 fieri
382 1538 561 1592 solitas
586 1539 790 1593 Gellius
829 1553 1045 1595 testatur
1070 1540 1166 1594 lib.
1190 1542 1263 1607 V,

234 1635 355 1688 cap.
422 1623 455 1669 6
472 1656 489 1681 ‚
546 1636 848 1690 quanquam
913 1633 967 1673 et
1037 1620 1263 1673 murales

238 1694 414 1760 idem,
460 1702 850 1769 castrensesque
880 1714 973 1751 seu
1014 1696 1261 1765 vallares,

236 1788 297 1829 et
314 1776 551 1830 classicus
574 1794 639 1831 ex
656 1796 786 1833 auro
813 1776 1039 1848 perinde
1062 1778 1263 1831 factita-

149 1908 159 1915 ,
238 1867 322 1909 tas
347 1873 457 1907 ease
478 1855 553 1909 ait
598 1874 612 1909 :
654 1854 801 1927 quod
832 1870 885 1910 et
913 1857 1123 1910 Plinius
1148 1858 1261 1928 ipse

237 1929 456 1987 videtur
496 1934 719 1989 innuere
737 1974 753 2001 ,
800 1954 918 2007 cap.
966 1936 1018 1990 5.
1076 1936 1262 2008 Neque

240 2024 420 2067 tamen
440 2028 649 2085 semper
690 2014 870 2080 fuere,
908 2026 971 2069 ut
1004 2034 1069 2068 ex
1088 2016 1260 2069 Tran-

238 2092 410 2164 quillo
422 2092 585 2163 liquet
599 2133 615 2159 ,
636 2094 691 2145 in
710 2097 971 2165 Augusto,
984 2112 1102 2165 eap.
1128 2113 1230 2148 xxv
1244 2115 1259 2148 ε

246 2196 271 2220 ι
308 2172 462 2223 Dona
479 2172 725 2226 militaria
742 2173 1015 2244 aliquanto
1037 2173 1263 2240 facilius,

238 2250 487 2323 phaleras
505 2262 559 2305 et
586 2262 824 2323 torques,
853 2251 1117 2325 quidquid
1130 2272 1263 2308 auro

237 2341 559 2401 argentoque
585 2344 845 2385 constaret
860 2370 877 2397 ,
914 2350 1075 2406 quam
1101 2334 1261 2387 valla·

240 2426 327 2462 res
343 2428 405 2463 ac
418 2410 645 2463 murales
657 2428 906 2477 coronas,
924 2429 1043 2483 quae
1056 2410 1262 2467 honore

240 2488 635 2559 precellerent,
688 2488 847 2543 dabat
892 2508 907 2543 :
956 2490 1050 2543 has
1097 2509 1260 2562 quam

239 2567 577 2639 parcissime,
616 2581 670 2622 et
696 2568 808 2622 sine
836 2569 1162 2635 ambitione,
1201 2588 1263 2623 ac

240 2665 380 2718 sape
398 2648 556 2701 etiam
576 2648 813 2719 caligatis
831 2648 1037 2701 tribuit.
1068 2674 1091 2696 ι
1116 2650 1261 2700 Pre-

238 2726 401 2779 latam
420 2739 596 2779 autem
618 2746 751 2780 auro
768 2728 989 2781 civicam
1007 2739 1258 2798 proterea

240 2802 473 2859 declarat
516 2806 609 2860 hic
650 2806 878 2877 Augusti
926 2809 1079 2877 jocus
1118 2804 1261 2877 apud

240 2884 699 2950 Fabium,lib.V1
717 2924 735 2950 ,
759 2889 873 2959 eap'.
902 2886 933 2941 3
970 2904 985 2938 ι
1021 2912 1045 2933 ι
1074 2885 1261 2950 Quum

240 2962 295 3016 ei
325 2962 465 3016 Galli
506 2976 749 3036 torquem
786 2982 1003 3017 aureum
1050 2977 1263 3019 centum

240 3040 430 3114 pondo
458 3041 755 3111 dedissent,
776 3057 830 3096 et
860 3043 1133 3097 Dolabella
1164 3060 1263 3115 per

236 3123 425 3192 jocum
454 3160 471 3187 ‚
524 3134 727 3176 tentans
784 3135 962 3177 tamen
1011 3122 1120 3195 joci
1172 3124 1255 3176 sui

242 3211 494 3253 eventum
508 3238 525 3266 ,
547 3200 785 3256 dixisset:
807 3204 1103 3274 Imperator
1114 3241 1131 3267 ,
1145 3214 1259 3256 tor·

242 3296 355 3351 que
400 3298 489 3331 me
532 3279 670 3334 dona
710 3299 725 3333 ε
769 3282 913 3333 Malo
946 3294 1024 3346 te,
1052 3280 1253 3353 inquit,

242 3358 411 3412 civica
462 3357 683 3415 donare.
718 3386 741 3409 ι
812 3360 1031 3413 Mus-alis
1092 3380 1259 3433 porro

240 3454 443 3490 corona
469 3452 569 3504 est,
605 3440 781 3511 inquit
807 3440 1037 3500 Gellius,
1068 3440 1163 3494 lib.
1186 3441 1257 3505 V,

240 3532 362 3587 cap.
390 3520 425 3570 6
447 3556 461 3581 ,
504 3537 607 3588 qua
646 3516 875 3573 donatur
916 3521 983 3572 ab
1024 3520 1260 3589 Impera-

244 3606 399 3659 tore,
436 3597 530 3667 qui
568 3598 771 3668 primus
808 3616 1024 3651 murum
1061 3598 1259 3663 subiit,

242 3676 413 3744 inque
438 3674 697 3747 oppidum
734 3678 966 3731 hostium
1010 3694 1107 3747 per
1150 3677 1261 3730 vim

241 3750 542 3807 adscendit.
528 3754 757 3809 ·idcirco
772 3758 921 3829 quasi
936 3755 1075 3809 muri
1088 3756 1265 3825 pinnis

244 3830 499 3886 decorata
522 3846 615 3887 est.
640 3836 927 3890 Castrensis
946 3826 1266 3905 (eademque

244 3910 525 3978 vallaris),
566 3926 645 3967 est
682 3934 911 3978 corona,
960 3932 1061 3986 qua
1105 3911 1267 3965 donat

162 4018 175 4031 ·
245 4008 371 4044 eum
385 3992 703 4063 Imperator,
713 3994 805 4066 qui
820 3994 1023 4068 primus
1036 3992 1267 4047 hostium

400 4090 485 4156 V.

1422 1168 1473 1213 7.
1531 1145 1608 1198 Et
1654 1156 1890 1198 rostrata.
1935 1144 2056 1199 Sive
2105 1146 2314 1201 navales
2339 1186 2358 1213 ,

1338 1222 1643 1295 eodemque
1663 1224 1888 1277 classica
1921 1241 1935 1275 ε
1970 1223 2164 1295 quibus
2192 1224 2360 1280 dona·

1339 1304 1500 1357 batur
1527 1303 1604 1368 is,
1629 1304 1722 1375 qui
1772 1301 1978 1375 primus
2021 1304 2075 1355 in
2120 1304 2360 1360 hostium

1339 1400 1531 1437 navem
1571 1394 1805 1436 armatus
1840 1381 1894 1435 vi
1942 1380 2271 1437 transiliret:
2300 1402 2362 1437 ea

1338 1462 1489 1532 qnasi
1527 1462 1746 1515 navium
1773 1462 1960 1515 matris
1991 1462 2240 1546 insignita
2265 1464 2360 1516 est‘.

1338 1541 1425 1593 Ita
1451 1537 1684 1605 Gellius,
1713 1540 1754 1592 l.
1789 1558 1838 1593 e.
1867 1537 2049 1591 Hann.

1421 1621 1476 1673 8.
1511 1620 1587 1673 M.
1626 1617 1863 1672 Varrone.
1896 1620 1978 1671 De
2019 1638 2083 1672 eo
2129 1617 2364 1674 diximus

1336 1696 1433 1752 lib.
1465 1700 1606 1763 vn,
1632 1716 1750 1769 cap.
1775 1700 1868 1775 3ι.
1895 1694 2076 1751 Ηιιιι).

1420 1796 1478 1846 9.
1504 1778 1716 1850 Itemque
1741 1778 1820 1831 M.
1850 1778 2101 1848 Agrippa.
2149 1779 2228 1831 In
2264 1778 2362 1833 de·

1341 1855 1494 1909 nario
1541 1858 1762 1927 antiquo
1829 1856 2003 1927 gentis
2057 1856 2330 1927 Vipsania
2348 1897 2366 1923 ,

1340 1936 1509 1988 Marci
1524 1934 1769 2008 Vipsanii
1784 1934 2038 2005 Agrippae
2059 1935 2220 1990 altera
2239 1956 2363 2009 par-

1339 2026 1395 2068 te
1416 2016 1676 2086 signatum
1703 2026 1860 2087 caput
1877 2027 1954 2067 est
1970 2052 1987 2079 ‚
2003 2033 2123 2068 cum
2139 2028 2364 2071 rostrata

1339 2111 1564 2159 corona,
1614 2095 1780 2147 altera
1827 2094 2108 2164 Neptunus
2151 2093 2364 2165 delphi·

1339 2191 1474 2226 num
1498 2192 1660 2226 manu
1678 2171 1859 2225 dextra
1879 2184 2083 2243 gestans
2105 2190 2119 2226 :
2147 2174 2204 2225 in
2229 2174 2364 2227 alius

1340 2251 1546 2305 denarii
1568 2266 1716 2345 parte
1732 2252 1893 2305 altera
1907 2264 2097 2323 ,caput
2111 2252 2362 2325 Agrippa

1340 2350 1464 2385 cum
1491 2330 1656 2386 civica
1687 2344 1741 2385 et
1767 2343 1989 2384 rostrata
2014 2349 2245 2396 corona,
2290 2334 2366 2386 al·

1339 2424 1454 2464 tera
1480 2412 1705 2484 Augusti
1727 2424 1903 2481 caput.
1935 2411 2140 2465 Datne.
2169 2440 2252 2452 —
2282 2412 2362 2465 M.

1340 2490 1571 2561 Agrippa
1661 2491 1913 2559 Epitome
1995 2488 2136 2541 Livii
2169 2528 2186 2555 ,
2263 2490 2360 2543 lib.

1342 2568 1616 2622 CXXIX:
1647 2570 1774 2620 ιΜ.
1803 2566 2041 2637 Agrippa
2067 2568 2242 2621 navali
2270 2588 2364 2621 co-

1339 2664 1474 2700 rona
1497 2666 1528 2701 a
1555 2649 1761 2702 Caesare
1788 2635 1808 2715 (
1837 2642 2102 2714 Augusto)
2130 2645 2361 2699 donatus

1341 2738 1459 2779 est.
1495 2727 1591 2798 qui
1619 2727 1791 2779 honos
1833 2722 2036 2776 nemini
2080 2737 2201 2778 ante
2237 2742 2362 2779 eum

1338 2805 1551 2859 habitus
1596 2817 1702 2869 est,
1748 2829 1772 2851 n
1809 2818 2008 2871 nempe
2050 2820 2082 2855 a
2135 2803 2360 2857 Caesare.

1340 2884 1632 2953 Virgilius,
1661 2886 1782 2936 AEn.
1815 2882 1911 2934 lib.
1935 2880 2100 2946 VIII,
2125 2899 2177 2935 v.
2209 2885 2318 2936 682
2343 2903 2356 2934 ι
2391 2924 2404 2937 .

1350 2986 1373 3011 ι
1395 2964 1554 3016 Parte
1569 2963 1670 3016 alia
1686 3001 1702 3025 ‚
1727 2960 1897 3014 ventis
1911 2970 1964 3011 et
1987 2960 2099 3013 Diis
2121 2961 2360 3032 Agrippa

1342 3040 1615 3105 secundis,
1648 3038 1894 3105 Arduus,
1941 3058 2128 3109 agmen
2154 3057 2311 3111 agens
2342 3058 2359 3093 t

1342 3122 1431 3175 cui
1461 3121 1589 3173 belli
1617 3121 1822 3190 insigne
1855 3119 2172 3189 superbum,
2197 3120 2362 3173 Tem-

1342 3219 1476 3271 pora
1506 3200 1681 3253 navali
1714 3200 1915 3269 fulgent
1945 3211 2167 3253 rostrata
2207 3216 2362 3252 coro·

1343 3298 1428 3332 na.
1467 3304 1490 3326 n
1524 3279 1697 3333 Sicula
1734 3278 1870 3331 bella
1915 3290 2069 3342 sunt,
2109 3294 2226 3349 quai
2264 3276 2360 3331 ad·

1344 3376 1527 3413 versus
1553 3356 1816 3429 Lepidum
1859 3368 1912 3409 et
1950 3358 2168 3411 Sextum
2203 3358 2364 3410 Pom·

1346 3438 1526 3511 peium
1551 3436 1709 3509 gessit
1733 3437 2016 3507 Augustus.
2047 3432 2230 3489 Hann.
2311 3468 2320 3477 ·

1431 3536 1518 3571 10.
1551 3518 1728 3569 Rostra
1764 3518 1969 3567 navium.
2012 3514 2092 3567 Ex
2133 3532 2236 3568 aere
2273 3515 2364 3569 illa

1348 3598 1564 3649 fuerunt
1581 3634 1597 3660 ,
1616 3594 1762 3647 unde
1777 3606 1944 3647 arata
1965 3610 2123 3646 naves
2137 3631 2153 3658 ,
2175 3606 2366 3647 rostra·

1348 3688 1415 3728 tm
1428 3714 1445 3740 ,
1461 3675 1635 3727 Graeci
1644 3674 1900 3743 χαλκήρεις
1917 3712 1934 3737 ,
1951 3684 2004 3725 et
2019 3671 2364 3743 χαλκίμὸολοι.

1349 3754 1545 3825 virgil.
1573 3754 1664 3806 lib.
1697 3752 1776 3805 lx
1807 3771 1820 3803 τ
1861 3776 1884 3798 ι
1905 3752 2050 3816 Quot
2073 3752 2228 3822 prius
2246 3770 2370 3805 ora-

1354 3846 1419 3887 ta!
1457 3844 1712 3887 steterant
1760 3830 1824 3884 ad
1867 3831 2050 3884 littora
2086 3849 2306 3903 puppes.
2338 3856 2361 3879 ⁸

1352 3911 1513 3966 Brod.
1545 3912 1640 3965 lib.
1673 3910 1772 3976 lv,
1802 3928 1920 3980 cap.
1961 3908 2048 3962 13.
2091 3908 2218 3961 vid.
2263 3909 2371 3961 Na·

1354 3992 1485 4045 valis
1505 3988 1648 4063 apud
1677 3990 1907 4045 Festum.
1933 3990 2132 4040 nunc.

1999 4082 2076 4153 31
