2850 4684
1017 424 1336 493 LIBER
1388 424 1595 493 xlv.
2132 415 2137 424 ’
2216 424 2363 526 337

243 555 444 624 tertio
479 553 826 623 consulatu
863 579 1019 641 suo,
1061 555 1445 639 Falernum,
1488 556 1729 625 Chium
1754 606 1773 639 ,
1825 556 2179 647 Lesbium,
2220 563 2369 631 Ma·

241 662 652 729 mertinum.
707 684 842 753 quo
888 663 1176 755 primum
1235 678 1535 757 tempore
1594 676 1878 791 quatuor
1926 688 2165 757 genera
2232 669 2369 737 vini

241 767 552 861 apposita
593 780 868 835 constat.
920 768 1152 837 Postea
1193 792 1352 861 ergo
1394 766 1519 837 alia
1563 752 1821 837 omnia⁶
1854 769 1920 835 in
1958 769 2365 843 nobilitatem

243 885 610 955 venerunt,
637 873 908 941 circiter
953 874 1603 967 septingentesimum
1640 874 1845 942 Urbis
1884 898 2155 944 annum.

353 979 616 1047 XVIII.
663 970 870 1065 (κη.)
919 981 1154 1072 Itaque
1216 1003 1350 1047 non
1381 981 1603 1051 miror
1642 980 2141 1049 innumerabilia
2183 1005 2369 1076 paene
2410 1013 2433 1047 1

243 1107 493 1177 genera
525 1082 736 1151 fictitii
775 1098 1036 1177 reperta
1075 1082 1298 1153 multis
1337 1098 1495 1153 ante
1542 1083 1791 1154 saeculis
1815 1137 1833 1171 ‚
1872 1110 2017 1178 quae
2060 1112 2237 1157 nunc
2270 1090 2367 1158 di-

241 1212 512 1273 cemus,
571 1190 794 1267 omnia
845 1189 931 1257 ad
972 1188 1312 1259 medicinae
1357 1213 1548 1257 usum
1606 1191 2015 1283 pertinentia.
2068 1194 2367 1289 Ompha-

239 1295 420 1363 cium
453 1318 587 1389 quo
622 1293 822 1362 modo
859 1294 1078 1377 fieret,
1115 1308 1386 1389 propter
1417 1309 1791 1389 unguenta,
1831 1294 2111 1367 diximus
2148 1300 2368 1392 priore

239 1397 492 1467 libro&
539 1400 644 1467 Fit
667 1423 708 1466 e
753 1397 1124 1483 labrusca²,
1158 1400 1288 1469 hoc
1323 1414 1462 1487 est,
1502 1402 1639 1469 vite
1680 1399 1958 1470 silvestri
1980 1405 2216 1521 ,quod
2251 1430 2367 1474 vo·

241 1519 437 1574 catur
489 1504 970 1575 oenanthinum.
1027 1504 1254 1575 Flores
1305 1506 1447 1601 ejus
1501 1504 1682 1575 libris
1735 1505 1991 1577 duabus
2046 1510 2115 1576 in
2168 1514 2367 1581 musti

240 1610 412 1679 cado
455 1596 799 1679 macerati³
805 1625 1020 1705 ,post
1057 1634 1202 1679 xxx
1233 1610 1370 1680 dies
1405 1625 1764 1680 mutantur.
1812 1614 2057 1682 Praeter
2090 1615 2221 1685 hoc
2258 1641 2363 1685 ra-

239 1716 356 1785 dix
395 1716 712 1785 labruscae
745 1730 814 1785 et
854 1717 1022 1785 acini
1061 1718 1242 1785 coria
1271 1716 1639 1811 perficiunt.
1677 1718 1733 1786 Ii
1777 1716 1972 1812 paulo
2012 1736 2361 1815 postquam

238 1822 647 1939 defloruere,
691 1820 1018 1917 singulare
1057 1823 1415 1891 remedium
1457 1822 1705 1891 habent
1748 1822 1832 1891 ad
1881 1825 2365 1919 refrigerandos

239 1928 310 1995 in
355 1926 602 1996 morbis
642 1952 996 2022 corporum
1034 1927 1332 2011 ardoreS,
1373 1926 1795 2022 gelidissima,
1834 1944 1909 1998 ut
1948 1930 2204 2019 ferunt,
2248 1958 2365 2003 na·

239 2048 413 2102 tura.
449 2036 609 2101 Pars
647 2058 879 2101 eorum
923 2046 1082 2103 aestu
1129 2036 1431 2120 moritur,
1470 2034 1849 2129 priusquam
1871 2021 2199 2131 ⁴reliqui‚
2250 2040 2363 2134 qui

235 2124 644 2209 solstitiales⁵
680 2139 1008 2211 dicuntur.
1035 2140 1344 2209 Universi
1375 2164 1737 2233 numquam
1777 2154 2253 2212 maturescunt:
2298 2160 2363 2215 et

235 2304 468 2363 potestas
493 2305 624 2346 esset
648 2291 773 2344 Iovi
817 2291 885 2345 0.
917 2290 992 2345 M.
1032 2292 1256 2345 emeris·
1423 2292 1529 2345 XV
1530 2292 1633 2343 111
1683 2312 1733 2346 ι.
1768 2292 1935 2345 Priore
1982 2294 2120 2347 libro.
2171 2294 2359 2350 Priore

236 2390 342 2443 que
380 2370 484 2425 diis
513 2372 694 2441 epulas
717 2368 1006 2424 indicendi.
1049 2370 1117 2423 Hi
1143 2372 1252 2442 pri·
1343 2370 1543 2424 scilieet
1589 2389 1653 2423 ex
1698 2371 1761 2424 iis
1801 2373 1858 2425 iu
1905 2368 2099 2445 quibus
2144 2376 2359 2429 arbore·

235 2470 389 2503 mum
414 2452 552 2504 terni
584 2452 762 2515 fuere,
798 2469 921 2503 mox
953 2463 1006 2503 et
1032 2450 1250 2521 septeni.

235 2532 430 2585 Cicero
461 2527 530 2582 de
564 2531 714 2583 Orat.
747 2530 842 2582 lib.
875 2531 993 2593 111,
1037 2548 1093 2581 n.
1131 2548 1202 2599 70
1235 2547 1249 2582 ε

242 2636 268 2657 ι
293 2608 578 2662 Pontifices
597 2620 802 2661 veteres
822 2620 1043 2681 propter
1057 2609 1256 2661 sacrifl-

236 2690 446 2742 ciorum
503 2685 897 2741 multitudinem
953 2700 1060 2741 tres
1113 2688 1256 2741 viros

233 2768 494 2839 epulones
541 2786 650 2821 esse
691 2768 976 2821 voluerunt
1025 2786 1038 2817 ε
1084 2785 1250 2838 quum

232 2858 406 2901 essent
430 2846 530 2917 ipsi
553 2867 583 2901 a
610 2848 817 2911 Numa,
847 2860 906 2899 ut
938 2846 1090 2899 etiam
1118 2845 1252 2899 illud

233 2924 488 2978 ludorum
523 2927 740 2996 epulare
767 2924 1084 2979 sacrificium
1119 2924 1254 2978 faee-

233 3016 390 3065 reut,
441 3005 678 3059 instituti.
715 3005 901 3059 Postea
943 3017 1021 3057 est
1068 3016 1254 3057 auctus

231 3102 516 3147 numerus,
550 3097 604 3137 et
625 3096 825 3156 septem
841 3082 1007 3137 creari
1028 3088 1202 3154 empti.
1225 3108 1246 3129 ιι

233 3162 378 3217 Hine
399 3162 546 3233 apud
576 3164 808 3217 Plinium
829 3163 1104 3215 ,Iuniorem
1119 3200 1136 3229 ,
1155 3162 1250 3215 lib.

233 3242 288 3293 11
309 3282 324 3305 ,
377 3260 464 3313 ep.
515 3261 576 3296 11
623 3262 636 3295 :
667 3242 926 3315 Septemoir
961 3240 1252 3313 Epulonum.

231 3319 408 3393 Hujus
424 3320 700 3375 sacerdotii
721 3340 958 3393 expressa
975 3321 1175 3376 mentio
1194 3322 1252 3374 iu

232 3399 458 3453 denario
487 3402 656 3471 gentis
676 3403 886 3467 coelio,
927 3420 1048 3454 cum
1070 3400 1247 3473 effigie

233 3480 558 3550 Septemviri
577 3482 633 3533 in
665 3482 814 3535 Jovis
853 3480 1012 3552 epulo
1048 3480 1246 3534 lectum

232 3556 410 3611 eidem
471 3556 574 3613 deo
619 3580 721 3633 pro
775 3578 924 3613 more
969 3560 1255 3613 sternentis

233 3654 358 3689 cum
407 3638 722 3711 epigraphe,
777 3658 828 3692 ι..
873 3656 1092 3692 mum.
1126 3640 1252 3693 vu.

233 3732 350 3768 vu.
383 3732 540 3769 nm..
565 3720 744 3771 Lucius
781 3718 966 3772 Calda&
999 3718 1260 3789 Septemoir

232 3796 530 3864 Epulonem.
559 3794 746 3851 Haut».

317 3880 370 3927 6.
419 3876 616 3929 Pouea.
640 3916 652 3930 .
673 3915 687 3929 .
708 3914 722 3929 .
765 3876 868 3929 alia
911 3882 1089 3930 omm'a.
1141 3874 1257 3929 Alia

233 3952 484 4007 vinorum
533 3972 726 4027 genera
774 3956 1062 4011 claritatem
1115 3972 1260 4008 aoce-

233 4048 380 4101 μοι.
405 4032 588 4087 ΕΔΜ).
611 4060 618 4067 ·

401 4144 484 4209 V.

1336 2463 1650 2512 tractantur,
1676 2450 1781 2503 hoc
1798 2464 1875 2504 est
1892 2491 1908 2517 ,
1943 2453 2039 2505 lib.
2063 2454 2170 2506 xn
2184 2492 2200 2519 ,
2238 2473 2357 2526 cap.

1345 2530 1441 2581 61.
1483 2529 1661 2581 Ham).
1699 2560 1781 2569 --
1822 2530 1997 2584 Dalec.
2035 2534 2357 2601 superioribus

1345 2608 1515 2671 libris,
1558 2626 1701 2659 mera
1738 2622 1911 2662 tamen
1955 2621 2008 2663 et
2048 2610 2194 2663 inani
2226 2630 2356 2665 con·

1338 2688 1560 2756 iectura.
1586 2686 1691 2740 En.

1421 2788 1473 2819 2.
1520 2764 1611 2816 Fit
1652 2785 1678 2816 e
1721 2766 1956 2817 labrusca.
1999 2766 2123 2819 Hoec
2168 2766 2353 2822 iisdem

1339 2844 1515 2897 verbis
1538 2844 1713 2897 Diosc.
1734 2844 1827 2897 lib.
1854 2844 1923 2907 V,
1947 2862 2064 2915 cap.
2094 2844 2163 2901 3³
2200 2866 2213 2898 ε
2244 2850 2267 2900 ὁ
2291 2844 2351 2901 δὲ

1341 2925 1592 2984 οἰνάνθινος
1607 2924 1894 2999 σκιυοὶζιτζαι
1920 2924 2064 2977 οὕτω·
2084 2922 2247 2979 &aeon
2265 2934 2353 2989 τῆς

1343 3003 1512 3073 ἀγρίας
1541 3002 1787 3071 ἀμπέλου,
1818 3014 1917 3055 etc.
1942 3000 2126 3059 Han.

1424 3082 1473 3134 3.
1497 3080 1667 3132 Flore-5
1692 3084 1792 3152 ejus
1824 3082 1958 3135 libris
1980 3083 2217 3137 duabus...
2249 3104 2355 3139 ma·

1342 3164 1507 3213 cerati.
1556 3160 1879 3233 Dnleeampii
1910 3161 2029 3216 cod.
2070 3170 2318 3219 maceratis
2330 3185 2352 3227 ,-

1340 3252 1389 3295 et
1417 3256 1543 3293 mox
1571 3238 1803 3295 chifflet.
1834 3260 1932 3313 pro
1958 3243 2239 3313 defloruere,
2264 3264 2355 3298 ex·

1337 3320 1486 3373 hibet
1510 3318 1571 3370 de
1664 3340 1730 3372 m.
1764 3320 1865 3372 En.

1418 3407 1470 3464 4.
1496 3398 1783 3471 Priusquam
1810 3400 1994 3469 reliqui.
2011 3400 2355 3473 DaLperstam

1338 3480 1521 3549 reliqui.
1546 3478 1651 3531 En.

1419 3560 1470 3611 5.
1504 3558 1607 3627 Qui
1629 3558 1915 3609 solstitiales.
1936 3557 2105 3613 Iidem
2132 3573 2185 3614 et
2210 3561 2352 3613 cani-

1342 3638 1501 3691 culati
1547 3637 1797 3709 appellati
1830 3656 1858 3690 a
1889 3638 2143 3692 Marcello
2172 3640 2355 3713 Empi-

1342 3718 1471 3779 rico,
1489 3736 1606 3788 cap.
1626 3733 1752 3781 x1v3
1770 3718 2017 3787 quoniam
2038 3716 2251 3773 ardores
2276 3738 2361 3773 cn·
2454 3718 2461 3725 ’

1343 3797 1536 3850 uiculae
1562 3794 1779 3861 durant,
1813 3809 1902 3849 aut
1941 3796 2125 3849 iisdem
2157 3811 2360 3852 torren-

1345 3888 1433 3928 tur
1464 3895 1479 3928 ε
1518 3896 1625 3929 non
1652 3876 1776 3947 quia
1822 3893 2005 3929 cauam
2055 3876 2355 3949 lanuginem

1343 3954 1604 4019 habeant,
1650 3968 1709 4007 ut
1739 3953 1906 4007 visum
1944 3966 2021 4007 est
2054 3972 2161 4007 non
2188 3954 2357 4008 nemi·

1347 4032 1422 4086 ni.
1448 4034 1625 4086 Ηιιιυ.

2001 4162 2094 4207 22

2558 596 2593 636 ῃ
