2850 4684
1022 378 1322 447 LIBER
1379 380 1561 447 XII.
2256 380 2349 453 65

179 535 294 581 xx
323 510 601 597 itinere,
645 522 718 577 et
741 507 1157 579 Palaestinam
1195 513 1450 605 Syriam
1482 536 1497 579 κ
1542 524 1771 605 postea
1810 511 2175 583 Characem
2212 520 2349 609 peti

181 630 498 709 coeptum
522 669 544 701 ‚
593 640 678 685 ac
719 639 930 709 regna
973 616 1370 685 Parthorum
1416 641 1499 685 ex
1550 639 1627 685 ea
1669 639 1903 697 causa,
1966 634 2197 689 auctor
2250 638 2352 693 est

179 727 223 791 J
231 722 398 791 uba.
433 721 616 789 Mihi
647 721 736 789 ad
775 724 1010 791 Persas
1047 722 1244 789 etiam
1277 724 1461 817 prius
1502 724 1628 791 ista
1661 736 1995 816 portasse,
2047 751 2245 819 quam
2278 731 2349 798 in
2425 722 2433 731 ’

180 830 458 921 Syriam
519 841 643 896 aut
693 828 1054 921 AEgyptum
1072 878 1090 910 ‚
1157 828 1465 897 videntur
1490 882 1511 915 ‚
1570 828 1911 897 Herodoto
1976 844 2173 914 teste,
2236 837 2349 928 qui

187 934 408 1003 tradit
432 931 702 1027 singula
733 931 934 1001 millia
959 930 1276 1003 talentum
1307 933 1519 1003 thuris
1540 958 1760 1003 annua
1796 935 2157 1027 pensitasse
2186 940 2347 1009 Ara-

187 1039 316 1109 bas
345 1039 630 1134 regibus
658 1041 1030 1107 Persarum.

300 1148 414 1213 Ex
457 1146 652 1239 Syria
690 1144 1018 1213 revehunt
1051 1130 1455 1238 styracem&
1492 1146 1631 1215 acri
1659 1145 1863 1215 odore
1906 1147 2047 1239 ejus
2076 1148 2143 1217 in
2182 1148 2346 1220 focis

193 1251 554 1370 abigentes
572 1275 852 1319 suorum
861 1232 1262 1319 ⁶fastidium.
1297 1254 1593 1339 Coeter0‚
1618 1276 1755 1320 non
1784 1250 1911 1321 alia
1936 1252 2093 1347 ligni
2112 1280 2355 1349 genera

195 1360 458 1427 suntin
489 1382 658 1441 usu,
687 1380 888 1451 quam
917 1356 1228 1441 odorata;
1262 1356 1577 1451 cibosque
1606 1356 1816 1427 Sabaei
1849 1375 2149 1453 coquunt
2187 1360 2351 1429 thu-

201 1465 294 1532 ris
321 1462 554 1557 ligno,
589 1462 702 1531 alii
730 1462 1049 1555 myrrhae,
1083 1462 1523 1557 oppidorum⁷
1560 1464 1991 1593 vicorumque
2018 1491 2155 1535 non
2182 1466 2352 1555 alio,

199 1592 406 1663 quam
435 1594 524 1637 ex
557 1570 720 1654 aris,
747 1568 934 1639 fumo
968 1582 1164 1662 atque
1206 1568 1462 1639 nidore.
1502 1568 1606 1637 Ad
1648 1556 1869 1640 hunc⁸
1905 1596 2065 1665 ergo
2110 1596 2352 1643 sanan-

203 1674 366 1744 dum
427 1688 642 1744 urunt
701 1688 1026 1767 styracem
1073 1676 1140 1743 in
1197 1674 1478 1769 pellibus
1532 1674 1839 1743 hircinis⁹
1852 1730 1875 1762 ‚
1944 1677 2351 1773 suffiuntque

207 1796 404 1851 tecta.
439 1780 634 1849 Adeo
675 1778 860 1848 nulla
889 1794 988 1849 est
1013 1780 1354 1875 voluptaS,
1392 1805 1539 1875 quae
1568 1804 1702 1850 non
1742 1782 2120 1853 assiduitate
2164 1784 2347 1855 fasti-

209 1885 390 1955 dium
411 1884 466 1910 '⁰
495 1888 733 1981 pariat.
759 1884 1086 1956 Eumdem
1113 1900 1182 1955 et
1214 1886 1298 1955 ad
1329 1900 1665 1981 serpentes
1684 1883 2003 1981 fugandas
2028 1904 2253 1976 urunt,
2282 1893 2353 1960 in

211 1991 564 2061 odoriferis
605 1991 784 2061 silvis
825 1990 1402 2086 frequentissimas.

313 2100 501 2167 XLI.
520 2088 778 2183 (xv111.)
805 2099 961 2167 Non
978 2114 1134 2167 sunt
1163 2123 1394 2167 eorum
1413 2096 1433 2121 ¹
1468 2099 1961 2169 cinnamomum
1994 2115 2111 2169 aut
2140 2103 2346 2172 casia:

213 2220 280 2273 et
317 2220 548 2273 tamen
589 2202 770 2272 Felix
809 2202 1181 2299 appellatur
1213 2204 1489 2288 Arabia,
1525 2204 1687 2274 falsa
1718 2220 1786 2274 et
1812 2208 2073 2301 ingrata
2097 2232 2347 2305 cogno-

217 2310 444 2393 minis,
481 2334 630 2404 quae
673 2308 802 2378 hoc
833 2324 1178 2403 acceptum
1213 2312 1467 2405 superis
1505 2310 1710 2396 ferat,
1754 2336 1955 2405 quum
1978 2312 2126 2407 plus
2159 2338 2242 2382 ex
2265 2340 2345 2385 eo

215 2417 440 2487 inferia
463 2412 484 2440 ²
540 2414 798 2487 debeat.
853 2418 1122 2485 Beatam
1181 2414 1358 2485 illam
1413 2416 1569 2485 fecit
1618 2416 1965 2485 hominum
2022 2420 2220 2489 etiam
2273 2422 2345 2489 in

311 2583 368 2637 5.
421 2548 694 2653 Scyt-ecem.
728 2580 808 2635 De
827 2596 952 2653 ‘qno
1001 2580 1239 2637 dicemus
1321 2578 1482 2653 longe
1514 2593 1638 2635 ante
1664 2581 1915 2652 pratici-e,
1942 2585 2167 2637 revehunt
2184 2598 2348 2659 styra·

215 2680 328 2735 cap.
355 2662 454 2717 56.
485 2664 678 2715 Ηιιι).
1323 2680 1454 2722 cem5
1494 2660 1923 2731 quandoquidem
1958 2674 2012 2715 et
2048 2661 2115 2715 de
2154 2663 2345 2719 ladano

293 2746 352 2795 6.
405 2740 637 2795 Suos-um.
676 2739 1025 2811 Subintellige
1042 2772 1060 2807 5
1103 2738 1236 2793 odo-

217 2840 332 2875 rnrn
348 2860 367 2886 ,
409 2821 528 2875 eive
570 2821 838 2892 lignorum
868 2818 1232 2873 odoratorum.

215 2900 382 2955 sotini
429 2900 802 2973 paraphrasis,
853 2916 972 2969 cap.
1013 2916 1234 2953 xxxmz

223 3008 246 3029 ι
277 2980 480 3035 Arabes
513 2978 790 3033 armentis
823 2977 1050 3051 myri-hie
1085 2978 1234 3049 ignes

213 3061 426 3122 fovent,
454 3076 686 3131 quornm
718 3059 870 3111 fumo
895 3057 1018 3111 satia
1037 3058 1234 3124 noxio,

217 3140 320 3192 nini
351 3137 520 3193 odore
553 3136 774 3191 cremati
803 3136 1018 3191 storacis
1045 3154 1235 3190 occur-

217 3232 358 3276 rant,
398 3219 720 3290 plerumque
746 3215 1060 3271 insanabiles
1090 3234 1236 3269 mor-

217 3297 314 3352 bo·
335 3298 722 3352 contrahunt.-
757 3297 939 3351 Hann.

299 3394 351 3445 7.
397 3378 718 3449 oppidorum.
755 3374 878 3429 Non
907 3375 1044 3431 alius
1067 3376 1146 3429 ibi
1169 3388 1234 3429 ex

218 3456 452 3529 oppidis,
489 3456 766 3527 vicitque,
801 3472 959 3526 qnam
999 3474 1065 3509 ex
1101 3455 1234 3518 aris,

219 3536 370 3591 nidor
393 3536 751 3591 convolvitur.
781 3534 966 3588 Hiran.

295 3620 348 3671 8.
405 3616 503 3669 Ad
547 3616 686 3669 hunc.
735 3612 942 3684 Nempe
987 3610 1232 3667 nidorem

221 3694 534 3768 abigendum
559 3734 577 3761 ,
626 3684 1008 3765 fastidiumque
1047 3712 1234 3747 sanan·

222 3774 356 3831 dnn.
383 3777 468 3831 Ita
489 3776 583 3829 lib.
604 3792 817 3829 omnes.
843 3774 1022 3829 Han.

291 3878 344 3925 9.
369 3858 430 3909 Ia
449 3855 662 3926 pellibus
701 3855 914 3905 laminis.
931 3851 1058 3905 Haec
1077 3850 1236 3905 verba

223 3954 304 3989 no
331 3937 451 3990 loco
475 3950 620 3991 mota
641 3931 922 3987 existimat
936 3930 1234 3993 Pintianus,

221 4014 555 4089 ponendaque
585 4032 710 4070 ene
741 4024 864 4084 post
895 4030 956 4065 ea
983 4028 1104 4083 qum
1127 4028 1238 4063 non

357 4131 436 4200 V.

1325 2740 1497 2811 excipi
1536 2738 1766 2810 caprinis
1800 2740 2031 2809 pellibus
2066 2758 2229 2812 supi-a
2262 2744 2348 2796 di-

1324 2832 1475 2873 ctum
1502 2830 1609 2884 eat,
1640 2830 1693 2873 et
1717 2815 1787 2871 de
1806 2818 2027 2889 myrrha
2062 2821 2347 2875 conferciri

1321 2899 1378 2951 in
1421 2898 1635 2952 follibus
1669 2898 1989 2969 promiscue.
2035 2897 2143 2953 Sed
2177 2902 2346 2955 recla-

1322 2990 1470 3033 mant
1490 2996 1675 3031 omnes
1699 2977 1843 3031 libri.
1868 2978 1973 3033 En.

1407 3076 1493 3111 10.
1522 3058 1827 3109 Assideeitate
1848 3058 2123 3123 fastidium.
2147 3059 2343 3131 Vulggs

1322 3149 1444 3189 ante
1471 3134 1731 3189 Harduin.
1762 3136 2043 3189 assiduitate
2078 3142 2172 3191 σαί.
2214 3139 2345 3195 Mox

1322 3227 1371 3267 ee
1392 3216 1635 3269 Gronov,
1666 3216 1891 3280 omittit,
1920 3215 2065 3288 qnod
2092 3236 2193 3271 noa
2216 3232 2343 3291 post

1322 3294 1490 3349 Hard.
1516 3312 1545 3347 e
1571 3292 1755 3349 Chiffl.
1780 3296 2121 3351 restituimus.
2149 3298 2255 3353 Eo.

1401 3374 1545 3427 XLI.
1594 3392 1639 3426 1.
1688 3374 1805 3427 Non
1840 3388 1956 3427 sune
1999 3394 2173 3429 eorum.
2217 3378 2343 3433 Non

1323 3466 1450 3507 sunt
1460 3453 1698 3507 Arabum
1718 3456 1935 3526 propria
1954 3468 2006 3509 et
2021 3457 2338 3526 peculiaria:

1324 3532 1415 3585 aed
1438 3534 1505 3585 ab
1524 3533 1795 3603 AEthiopia
1812 3533 1881 3587 ad
1901 3552 1991 3587 eoa
2013 3532 2341 3591 deferuntur.

1321 3610 1392 3665 H.
1410 3642 1493 3656 —-·
1510 3613 1871 3667 Ce'meamomum
1892 3625 1979 3666 aut
2001 3618 2135 3667 caela
2166 3606 2343 3681 (Lauri

1320 3692 1549 3763 apecies,
1570 3693 1829 3745 Ermeand.
1850 3709 2039 3763 monog.
2054 3712 2172 3765 gen.
2198 3700 2335 3765 996,

1323 3772 1463 3825 Pers.
1506 3762 1929 3839 Laurin.1uss):
1976 3774 2055 3825 De
2096 3774 2181 3827 hi·
2217 3774 2345 3827 vide

1323 3850 1453 3907 Exc.
1477 3851 1557 3905 IX
1576 3850 1645 3904 ad
1673 3852 1867 3907 calcem
1900 3852 2059 3923 hujus
2078 3853 2221 3905 libri.
2236 3854 2340 3907 Eo.

1409 3950 1459 3983 ο.
1504 3932 1614 3997 Inse
1587 3934 1681 3983 eris
1710 3930 1897 3984 debeat.
1935 3932 2117 3997 Quum
2152 3930 2343 3985 odore·

1325 4010 1366 4063 ii
1391 4027 1586 4081 magno
1608 4009 1869 4081 redempti
1890 4011 2062 4081 pretio
2077 4044 2095 4071 ,
2118 4010 2172 4061 in
2196 4025 2343 4063 mor·

2032 4114 2072 4184 5
