2850 4684
460 732 484 765 1

519 382 612 429 20

1059 356 1134 427 C.
1185 356 1523 427 PLINII
1572 357 1785 427 NAT.
1836 355 2098 424 HIST.

515 492 728 587 pomi,
761 488 1200 584 cynorrhodo.
1229 490 1475 557 Serunt
1501 512 1648 558 eam
1694 490 1761 556 in
1805 488 2089 581 campis,
2126 511 2251 556 nec
2276 498 2377 559 est
2398 486 2669 581 gratior

513 598 823 667 villarum
857 582 1280 690 prospectus⁵
1289 648 1305 663 .

629 706 816 773 XIV.
855 701 1054 771 Oliva
1087 701 1290 769 Indiae
1321 703 1593 788 sterilis,
1642 715 2078 795 praeterquam
2114 698 2376 769 oleastri
2404 700 2659 769 fructu.

521 802 705 899 (vu.)
751 811 996 879 Passim
1037 806 1234 877 vero¹
1283 832 1431 900 quae
1466 812 1659 905 piper
1693 809 2017 902 gignunt,
2054 807 2373 901 juniperis
2408 808 2667 875 nostris

526 916 821 986 similes:
866 936 1244 1009 quanquam
1299 916 1366 982 in
1423 916 1644 985 fronte
1712 914 1990 983 Caucasi
2054 912 2298 981 solibus
2346 914 2667 1006 opposita

524 1025 704 1118 gigni
720 1037 974 1091 tantum
997 1044 1108 1089 eas
1126 1018 1327 1113 aliqui
1354 1022 1703 1092 tradidere.
1724 1021 1987 1090 Semina
2014 1043 2055 1086 a
2073 1020 2379 1113 junipero
2406 1019 2669 1087 distant

521 1128 814 1225 parvulis
871 1124 1154 1221 siliquis,
1198 1127 1422 1221 quales
1463 1130 1533 1197 in
1580 1126 1839 1198 faseolis
1879 1124 2200 1194 videmus.
2246 1126 2401 1211 Hae,
2437 1126 2667 1219 prius-

521 1230 756 1331 quam²
788 1232 1165 1319 dehiscant,
1204 1232 1572 1330 decerptae,
1620 1248 1937 1326 tostaeque
1976 1230 2151 1319 sole,
2192 1231 2442 1301 faciunt
2470 1228 2671 1324 quod

521 1458 624 1531 lyce
647 1454 1114 1527 bombycinorrhodo.
1129 1454 1544 1527 Pura—-Caly'x

522 1549 598 1589 est
641 1534 938 1597 folliculus,
972 1552 1080 1605 quo
1116 1532 1449 1597 dehiscente,
1482 1534 1541 1586 in

522 1633 613 1669 sua
629 1614 753 1666 folia
771 1614 1006 1685 primum
1025 1632 1078 1665 se
1097 1611 1543 1687 flores-pandunt,

521 1707 582 1746 ut
605 1694 660 1745 in
683 1694 814 1746 rosis
841 1710 856 1745 :
889 1710 1011 1745 mox
1037 1710 1258 1763 pomum
1276 1692 1545 1745 fructusve

522 1772 764 1842 emergit.
785 1772 1141 1843 Theophrast.
1179 1771 1366 1823 folium
1390 1790 1545 1824 moro

524 1852 694 1904 simile
707 1850 907 1922 pariter
925 1868 1034 1904 esse
1049 1849 1228 1916 tradit,
1248 1863 1410 1903 totam
1430 1852 1547 1903 stir-

523 1950 648 2003 pem
688 1928 1033 2001 cynorrhodo
1070 1950 1082 1981 :
1135 1934 1203 1983 Τὸ
1247 1932 1330 2000 μὲν
1376 1932 1544 2000 «pianes

527 2013 688 2082 ὅμοιον
714 2016 778 2078 τῇ
800 2012 1070 2080 συκαμίνῳ·
1099 2011 1152 2063 τὸ
1177 2008 1380 2061 καὶδλον
1401 2011 1543 2079 φυτὸν

528 2086 764 2153 (rectius
792 2089 1034 2141 Plinium
1068 2090 1250 2159 legisse
1287 2090 1547 2154 arbitror,

528 2174 586 2223 τὸ
649 2170 801 2239 μήλου
836 2170 1020 2221 κὺτινον
1057 2162 1078 2231 )
1121 2170 1222 2229 τοῖς
1277 2164 1565 2245 κυνορόδοις,

529 2251 710 2321 ὅμοιον.
736 2249 916 2300 ΗΑιιι).

615 2332 668 2381 5.
701 2321 942 2379 Villa-um
956 2340 1243 2398 prospectus.
1269 2328 1357 2381 Sic
1379 2321 1579 2381 emen-¹

533 2406 774 2461 <lavimus
792 2426 856 2460 ex
879 2410 1005 2477 neg.
1041 2426 1090 2473 1,
1113 2430 1166 2473 2,
1191 2420 1245 2459 et
1274 2408 1439 2461 Paris.
1468 2427 1555 2461 co·

533 2486 716 2541 dicum
765 2488 1087 2540 auctoritate.
1138 2488 1292 2540 Prius
1347 2488 1554 2539 ullarum

535 2568 837 2637 legebatur-'3
863 2566 1410 2620 Pintianus'vinearum
1449 2586 1557 2619 ma·

535 2647 698 2701 lebat.
731 2646 927 2699 Villam
955 2664 1058 2718 pro
1095 2648 1248 2701 vinea
1289 2646 1555 2699 diminute

536 2726 740 2781 dictum
773 2745 802 2778 a
833 2726 1008 2779 Plinio
1031 2728 1376 2797 suspicamur,
1411 2724 1555 2799 quod

537 2808 610 2860 ita
631 2808 837 2877 exigere
860 2804 1216 2875 Theophrasti
1243 2806 1390 2858 locus
1413 2805 1560 2859 vide-

539 2900 644 2939 tur.
675 2886 763 2937 Sic
785 2886 928 2936 enim
959 2884 1080 2947 ille,
1102 2884 1236 2937 Hist.
1267 2882 1557 2950 planant,

543 2984 663 3035 cap.
696 2970 727 3017 5
750 2982 764 3015 τ
789 2964 1049 3015 Φυτεῦουσι
1075 2959 1134 3015 δὲ
1155 2966 1202 3015 ἂν
1233 2968 1334 3025 τοῖς
1365 2960 1557 3025 πεδίοις

545 3044 664 3098 αὐτὸ
703 3050 818 3095 κατ’
855 3043 1037 3112 ὄρχους·
1085 3038 1164 3096 διὸ
1197 3042 1279 3096 καὶ
1319 3045 1557 3116 πόρῥωθεν

541 3126 776 3195 ἀφορῶσιν
801 3122 1010 3193 ἄμπελοι
1035 3124 1304 3193 φαίνονται.
1336 3124 1561 3177 «Seruu-

541 3216 628 3256 tur
681 3204 738 3255 in
779 3202 979 3271 campis
1017 3202 1347 3258 ordinatim:
1375 3222 1559 3276 quam·

544 3284 730 3335 obrem
765 3283 970 3333 eminus
1010 3284 1348 3336 cernentibus
1391 3283 1561 3337 vineae

546 3380 658 3415 esse
683 3360 1098 3413 existimantur.-
1135 3361 1318 3415 Hano.

625 3440 774 3493 xlv,
811 3458 858 3493 1.
889 3440 952 3493 P.
979 3459 1095 3490 vero
1118 3460 1223 3512 quoe
1245 3460 1300 3513 p.
1321 3446 1558 3513 gignunt,

543 3530 641 3573 etc.
693 3520 926 3572 Plinium
973 3522 1273 3575 transcribit
1313 3522 1553 3583 Solinus.

545 3618 590 3651 c.
614 3616 717 3652 ut.
747 3600 1302 3673 fluum—Quanquam
1329 3606 1378 3654 in
1392 3603 1563 3669 fronte

549 3680 777 3741 Caucasi,
803 3690 906 3731 etc.
929 3680 1133 3731 Eorum
1163 3698 1325 3751 porro
1351 3682 1557 3754 opinio,

542 3760 634 3829 qui
681 3758 948 3811 tradidere
1005 3759 1161 3831 piper
1203 3760 1260 3813 in
1309 3779 1369 3814 ea
1413 3774 1565 3833 parte

545 3838 762 3891 Caucasi
801 3856 920 3910 quae
960 3838 1156 3892 solibus
1181 3842 1423 3912 opposita
1452 3852 1561 3903 est,

543 3930 753 3970 tantum
782 3918 952 3989 gigni,
993 3936 1208 3989 prorsus
1247 3918 1408 3973 hodie
1436 3920 1562 3973 falsa

543 3995 975 4069 deprehenditur.
997 3998 1164 4051 Saut.
1189 4030 1268 4043 —
1294 4000 1374 4053 De
1407 4001 1560 4072 pipe-

1630 1455 1782 1507 ribus
1798 1494 1815 1519 ‚
1847 1452 2143 1524 zingiberi,
2182 1464 2237 1505 et
2267 1450 2335 1503 de
2357 1452 2540 1524 planta
2569 1471 2669 1517 en,

1632 1550 1749 1605 quae
1803 1532 1974 1586 Plinio
2016 1531 2172 1604 piper
2222 1532 2461 1584 italicum
2510 1532 2624 1584 fuit
2651 1572 2671 1597 ,

1632 1612 1971 1683 Dalecampio
1996 1624 2170 1665 autem
2188 1610 2300 1662 Isou
2314 1616 2499 1681 mgr-um
2516 1652 2533 1675 ,
2564 1610 2671 1664 de-

1633 1694 1891 1763 scriptum
1919 1692 1984 1743 ab
2011 1709 2078 1745 eo
2100 1690 2154 1742 in
2176 1690 2630 1761 Hist.plantarum
2648 1730 2669 1757 ,

1632 1770 1757 1825 vide
1772 1772 1898 1825 Exc.
1916 1767 1995 1823 IV
2015 1768 2081 1822 ad
2100 1770 2295 1823 calcem
2312 1770 2424 1842 huj.
2438 1770 2537 1825 lib.
2552 1772 2667 1825 En.

1719 1871 1771 1905 a.
1794 1852 1893 1904 Hoe
1910 1890 1925 1917 ,
1948 1854 2227 1921 prinsquam
2251 1850 2527 1915 dehiscant,
2556 1864 2669 1905 etc.

1636 1931 1855 2003 Siliquae
1911 1924 2167 1983 nimirum
2188 1968 2204 1993 ,
2262 1931 2457 2001 quibus
2503 1932 2673 2003 piper

1636 2011 1953 2064 continetur.
1982 2010 2104 2062 Fuit
2126 2010 2239 2062 hoec
2262 2010 2516 2063 Veterum
2540 2014 2671 2083 opi-

1636 2091 1757 2152 nio,
1796 2092 1949 2161 piper
1992 2102 2113 2142 ante
2156 2090 2509 2143 maturitatem
2552 2092 2675 2143 col-

1638 2170 1863 2231 lectum,
1900 2166 2187 2222 candidum
2209 2186 2319 2221 esse
2341 2186 2354 2221 ε
2384 2168 2527 2223 idem
2552 2190 2672 2224 ma-

1642 2249 1859 2302 turitate
1889 2249 2199 2320 nigrescere.
2223 2250 2301 2301 Ita
2322 2268 2428 2301 non
2452 2250 2670 2303 Plinius

1642 2328 1831 2389 mode,
1874 2331 2089 2401 ejusque
2132 2328 2479 2401 transcriptor
2518 2328 2669 2382 Soli-

1642 2426 1743 2461 nus
1762 2448 1776 2472 ‚
1801 2409 1902 2460 loc.
1929 2409 2017 2461 cit.
2047 2406 2139 2459 sed
2168 2420 2221 2460 et
2249 2408 2424 2461 Diosc.
2454 2408 2548 2462 lib.
2576 2409 2663 2472 11,

1644 2506 1759 2558 cap.
1804 2490 1941 2557 1893
1986 2500 2173 2539 auctor
2209 2487 2336 2540 libri
2368 2488 2435 2540 de
2470 2486 2667 2560 Simpl-

1646 2566 1837 2620 medic.
1866 2566 1934 2621 ad
1957 2566 2165 2619 Patern.
2193 2568 2333 2621 inter
2361 2587 2521 2639 opera
2552 2568 2669 2623 Ga-

1646 2646 1775 2709 leni,
1797 2657 1925 2699 tom.
1951 2646 2105 2711 xm,
2124 2665 2243 2719 pag.
2268 2646 2669 2717 9973Galenus

1646 2726 1778 2797 ipse,
1804 2727 1895 2779 lib.
1916 2726 2078 2781 vm,
2104 2726 2441 2797 Simplicium
2466 2726 2665 2781 medic.

1646 2824 1765 2877 pag.
1794 2824 1923 2874 217,
1952 2806 2163 2877 aliique.
2204 2806 2248 2859 E
2278 2806 2667 2861 recentioribus

1648 2900 1836 2940 contra
1858 2886 2086 2949 Clusius,
2110 2886 2291 2938 Arom.
2308 2885 2401 2939 lib.
2431 2888 2477 2953 1,
2498 2906 2545 2940 c.
2573 2906 2665 2953 aa,

1648 2984 1762 3038 pag.
1798 2968 1903 3019 182
1924 3005 1939 3031 ,
1970 2977 2023 3017 et
2047 2964 2134 3016 alii
2163 2966 2301 3017 bene
2324 2966 2511 3031 multi,
2541 2968 2667 3038 qui-

1647 3046 1747 3099 bus
1768 3044 2047 3099 Salmasius
2069 3044 2231 3111 favet,
2254 3050 2401 3098 Nott.
2420 3046 2474 3098 in
2494 3044 2660 3099 Solin.

1648 3144 1764 3197 pag.
1790 3130 1953 3189 1026,
1976 3124 2068 3176 ubi
2088 3124 2327 3177 Clusium
2343 3126 2662 3191 transcribit,

1648 3203 1879 3257 diversas
1910 3204 2015 3256 albi
2042 3222 2100 3257 ac
2128 3205 2266 3275 nigri
2290 3204 2487 3276 piperis
2516 3205 2663 3276 plan·

1650 3298 1725 3336 tas
1759 3302 1868 3337 esse
1900 3295 2245 3347 censuerunt,
2274 3284 2351 3337 uti
2388 3284 2509 3337 vitis
2530 3284 2664 3339 albae

1650 3382 1710 3415 ac
1758 3364 1945 3435 nigra.
2006 3364 2233 3436 Utrique
2278 3364 2563 3417 saracenus
2606 3364 2660 3417 in

1647 3442 1788 3494 notis
1810 3442 1875 3495 ad
1900 3442 2076 3497 Diosc.
2099 3443 2526 3515 experientiaque
2550 3444 2657 3516 ipsa

1648 3520 1989 3575 adversatur:
2017 3534 2218 3574 constat
2244 3522 2386 3575 enim
2413 3524 2563 3595 piper
2586 3525 2659 3576 al-

1649 3602 1816 3664 bum,
1867 3600 2012 3673 quod
2070 3600 2136 3653 ad
2190 3620 2288 3654 nos
2336 3602 2660 3668 convehitur,

1608 3704 1615 3709 “
1650 3698 1825 3752 ipsum
1850 3682 2008 3753 Piper
2044 3699 2255 3751 nigrum
2294 3700 2432 3743 0888,
2462 3696 2659 3737 cortice

1651 3778 1747 3813 suo
1794 3760 1950 3833 nigro
1994 3778 2292 3833 rugosoque
2332 3762 2653 3833 spoliatum:

1650 3858 1757 3911 quo
1798 3842 1993 3895 cortice
2035 3839 2270 3893 nudatur
2308 3854 2453 3906 tum,
2499 3860 2657 3913 quum

1649 3920 1749 3973 soli
1792 3922 2060 3991 objectum
2108 3932 2357 3973 torretur.
2404 3911 2653 3992 Longmn

1648 4016 1779 4053 vero
1816 4001 1971 4071 piper
1992 4018 2021 4052 a
2046 3998 2275 4053 rotundo
2306 4000 2615 4055 diversum*
2602 4022 2651 4055 m
