<?xml version="1.0" encoding="UTF-8"?>
<!DOCTYPE html PUBLIC "-//W3C//DTD XHTML 1.0 Transitional//EN"
    "http://www.w3.org/TR/xhtml1/DTD/xhtml1-transitional.dtd">
<html xmlns="http://www.w3.org/1999/xhtml" xml:lang="en" lang="en">
 <head>
  <title>
</title>
<meta http-equiv="Content-Type" content="text/html;charset=utf-8" />
  <meta name='ocr-system' content='tesseract 3.04.00' />
  <meta name='ocr-capabilities' content='ocr_page ocr_carea ocr_par ocr_line ocrx_word'/>
</head>
<body>
  <div class='ocr_page' id='page_1' title='image "./historiaenatura00delagoog_0379.png"; bbox 0 0 2850 4684; ppageno 0'>
   <div class='ocr_carea' id='block_1_1' title="bbox 503 370 652 443">
    <p class='ocr_par' dir='ltr' id='par_1_1' title="bbox 503 370 652 443">
     <span class='ocr_line' id='line_1_1' title="bbox 503 370 652 443; baseline 0 0"><span class='ocrx_word' id='word_1_1' title='bbox 503 370 652 443; x_wconf 84' lang='lat'><strong>368</strong></span> 
     </span>
    </p>
   </div>
   <div class='ocr_carea' id='block_1_2' title="bbox 1019 369 2095 443">
    <p class='ocr_par' dir='ltr' id='par_1_2' title="bbox 1019 369 2095 443">
     <span class='ocr_line' id='line_1_2' title="bbox 1019 369 2095 443; baseline -0.005 -1"><span class='ocrx_word' id='word_1_2' title='bbox 1019 372 1101 442; x_wconf 89' lang='lat' dir='ltr'><strong>C.</strong></span> <span class='ocrx_word' id='word_1_3' title='bbox 1161 374 1503 443; x_wconf 87' lang='lat' dir='ltr'>PLINII</span> <span class='ocrx_word' id='word_1_4' title='bbox 1556 372 1777 441; x_wconf 86' lang='lat' dir='ltr'><strong>NAT.</strong></span> <span class='ocrx_word' id='word_1_5' title='bbox 1834 369 2095 439; x_wconf 90' lang='lat' dir='ltr'><strong>HIST.</strong></span> 
     </span>
    </p>
   </div>
   <div class='ocr_carea' id='block_1_3' title="bbox 497 497 2639 809">
    <p class='ocr_par' dir='ltr' id='par_1_3' title="bbox 497 497 2639 809">
     <span class='ocr_line' id='line_1_3' title="bbox 497 497 2639 637; baseline 0.001 -66"><span class='ocrx_word' id='word_1_6' title='bbox 497 518 675 573; x_wconf 89' lang='lat' dir='ltr'><strong>tem.</strong></span> <span class='ocrx_word' id='word_1_7' title='bbox 712 502 1077 596; x_wconf 88' lang='lat' dir='ltr'><strong>scitumque</strong></span> <span class='ocrx_word' id='word_1_8' title='bbox 1121 514 1222 571; x_wconf 89' lang='lat' dir='ltr'><strong>est</strong></span> <span class='ocrx_word' id='word_1_9' title='bbox 1253 502 1649 596; x_wconf 80' lang='lat' dir='ltr'><strong>Scytharum</strong></span> <span class='ocrx_word' id='word_1_10' title='bbox 1676 499 1920 637; x_wconf 82' lang='lat' dir='ltr'><strong>legati,</strong></span> <span class='ocrx_word' id='word_1_11' title='bbox 1960 512 2211 593; x_wconf 87' lang='lat' dir='ltr'><strong>quanto</strong></span> <span class='ocrx_word' id='word_1_12' title='bbox 2250 497 2401 594; x_wconf 87' lang='lat' dir='ltr'><strong>plus</strong></span> <span class='ocrx_word' id='word_1_13' title='bbox 2450 503 2639 573; x_wconf 90' lang='lat' dir='ltr'><strong>bibe·</strong></span> 
     </span>
     <span class='ocr_line' id='line_1_4' title="bbox 499 593 1727 701; baseline -0.002 -24"><span class='ocrx_word' id='word_1_14' title='bbox 499 611 664 694; x_wconf 89' lang='lat' dir='ltr'><strong>rint,</strong></span> <span class='ocrx_word' id='word_1_15' title='bbox 705 621 893 677; x_wconf 89' lang='lat' dir='ltr'><strong>tanto</strong></span> <span class='ocrx_word' id='word_1_16' title='bbox 931 609 1139 701; x_wconf 84' lang='lat' dir='ltr'><strong>magis</strong></span> <span class='ocrx_word' id='word_1_17' title='bbox 1168 608 1346 675; x_wconf 88' lang='lat' dir='ltr'><strong>sitire</strong></span> <span class='ocrx_word' id='word_1_18' title='bbox 1377 593 1727 676; x_wconf 77' lang='lat' dir='ltr'><strong>Parthos⁴·&#39;·</strong></span> 
     </span>
     <span class='ocr_line' id='line_1_5' title="bbox 603 710 2635 809; baseline -0 -25"><span class='ocrx_word' id='word_1_19' title='bbox 603 716 860 785; x_wconf 82' lang='lat' dir='ltr'>XXIX.</span> <span class='ocrx_word' id='word_1_20' title='bbox 905 716 1028 781; x_wconf 90' lang='lat' dir='ltr'><strong>Est</strong></span> <span class='ocrx_word' id='word_1_21' title='bbox 1063 727 1129 781; x_wconf 90' lang='lat' dir='ltr'><strong>et</strong></span> <span class='ocrx_word' id='word_1_22' title='bbox 1171 712 1551 783; x_wconf 79' lang='lat' dir='ltr'>Occidentis</span> <span class='ocrx_word' id='word_1_23' title='bbox 1595 710 1857 805; x_wconf 88' lang='lat' dir='ltr'><strong>populis</strong></span> <span class='ocrx_word' id='word_1_24' title='bbox 1898 735 2019 779; x_wconf 90' lang='lat' dir='ltr'><strong>sua</strong></span> <span class='ocrx_word' id='word_1_25' title='bbox 2062 710 2343 781; x_wconf 81' lang='lat' dir='ltr'><strong>ebrietas</strong></span> <span class='ocrx_word' id='word_1_26' title='bbox 2362 766 2381 799; x_wconf 92' lang='lat'><strong>,</strong></span> <span class='ocrx_word' id='word_1_27' title='bbox 2432 713 2635 809; x_wconf 85' lang='lat' dir='ltr'><strong>fruge</strong></span> 
     </span>
    </p>
   </div>
   <div class='ocr_carea' id='block_1_4' title="bbox 495 782 796 891">
    <p class='ocr_par' dir='ltr' id='par_1_4' title="bbox 495 782 796 891">
     <span class='ocr_line' id='line_1_6' title="bbox 495 782 796 891; baseline -0.007 0"><span class='ocrx_word' id='word_1_28' title='bbox 495 782 760 891; x_wconf 80' lang='lat' dir='ltr'><strong>madida</strong></span> <span class='ocrx_word' id='word_1_29' title='bbox 779 818 796 843; x_wconf 81' lang='lat'>¹</span> 
     </span>
    </p>
   </div>
   <div class='ocr_carea' id='block_1_5' title="bbox 823 815 2633 913">
    <p class='ocr_par' dir='ltr' id='par_1_5' title="bbox 823 815 2633 913">
     <span class='ocr_line' id='line_1_7' title="bbox 823 815 2633 913; baseline 0.002 -26"><span class='ocrx_word' id='word_1_30' title='bbox 823 846 838 887; x_wconf 78' lang='lat' dir='ltr'><strong><em>z</em></strong></span> <span class='ocrx_word' id='word_1_31' title='bbox 887 818 1186 913; x_wconf 85' lang='lat' dir='ltr'><strong>pluribus</strong></span> <span class='ocrx_word' id='word_1_32' title='bbox 1231 817 1445 897; x_wconf 88' lang='lat' dir='ltr'><strong>modis</strong></span> <span class='ocrx_word' id='word_1_33' title='bbox 1496 842 1613 913; x_wconf 86' lang='lat' dir='ltr'><strong>per</strong></span> <span class='ocrx_word' id='word_1_34' title='bbox 1640 815 1885 889; x_wconf 82' lang='lat' dir='ltr'><strong>Gallias</strong></span> <span class='ocrx_word' id='word_1_35' title='bbox 1912 818 2391 912; x_wconf 78' lang='lat' dir='ltr'>Hispaniasque</span> <span class='ocrx_word' id='word_1_36' title='bbox 2410 820 2457 906; x_wconf 83' lang='lat'><strong>²,</strong></span> <span class='ocrx_word' id='word_1_37' title='bbox 2507 846 2633 889; x_wconf 88' lang='lat' dir='ltr'><strong>no·</strong></span> 
     </span>
    </p>
   </div>
   <div class='ocr_carea' id='block_1_6' title="bbox 495 923 2637 1763">
    <p class='ocr_par' dir='ltr' id='par_1_6' title="bbox 495 923 2637 1763">
     <span class='ocr_line' id='line_1_8' title="bbox 495 923 2637 1016; baseline -0 -20"><span class='ocrx_word' id='word_1_38' title='bbox 495 927 782 997; x_wconf 86' lang='lat' dir='ltr'><strong>minibus</strong></span> <span class='ocrx_word' id='word_1_39' title='bbox 821 923 1001 1007; x_wconf 88' lang='lat' dir='ltr'><strong>aliis,</strong></span> <span class='ocrx_word' id='word_1_40' title='bbox 1043 924 1160 995; x_wconf 85' lang='lat' dir='ltr'><strong>sed</strong></span> <span class='ocrx_word' id='word_1_41' title='bbox 1197 925 1453 993; x_wconf 86' lang='lat' dir='ltr'><strong>ratione</strong></span> <span class='ocrx_word' id='word_1_42' title='bbox 1490 923 1740 993; x_wconf 89' lang='lat' dir='ltr'><strong>eadem.</strong></span> <span class='ocrx_word' id='word_1_43' title='bbox 1782 923 2111 1016; x_wconf 56' lang='lat' dir='ltr'><strong>Hispanias</strong></span> <span class='ocrx_word' id='word_1_44' title='bbox 2144 923 2285 1016; x_wconf 88' lang='lat' dir='ltr'><strong>jam</strong></span> <span class='ocrx_word' id='word_1_45' title='bbox 2328 938 2400 995; x_wconf 87' lang='lat' dir='ltr'><strong>et</strong></span> <span class='ocrx_word' id='word_1_46' title='bbox 2442 941 2637 995; x_wconf 81' lang='lat' dir='ltr'><strong>vetu-</strong></span> 
     </span>
     <span class='ocr_line' id='line_1_9' title="bbox 497 1016 2633 1125; baseline -0.001 -21"><span class='ocrx_word' id='word_1_47' title='bbox 497 1046 734 1105; x_wconf 83' lang='lat' dir='ltr'><strong>statem</strong></span> <span class='ocrx_word' id='word_1_48' title='bbox 775 1030 946 1099; x_wconf 87' lang='lat' dir='ltr'><strong>ferre</strong></span> <span class='ocrx_word' id='word_1_49' title='bbox 995 1054 1074 1099; x_wconf 89' lang='lat' dir='ltr'><strong>ea</strong></span> <span class='ocrx_word' id='word_1_50' title='bbox 1121 1054 1363 1125; x_wconf 86' lang='lat' dir='ltr'><strong>genera</strong></span> <span class='ocrx_word' id='word_1_51' title='bbox 1407 1030 1797 1099; x_wconf 86' lang='lat' dir='ltr'><strong>docuerunt.</strong></span> <span class='ocrx_word' id='word_1_52' title='bbox 1852 1029 2173 1123; x_wconf 80' lang='lat' dir='ltr'><strong>AEgyptus</strong></span> <span class='ocrx_word' id='word_1_53' title='bbox 2226 1056 2495 1125; x_wconf 88' lang='lat' dir='ltr'><strong>quoque</strong></span> <span class='ocrx_word' id='word_1_54' title='bbox 2518 1016 2542 1054; x_wconf 85' lang='lat'>³</span> <span class='ocrx_word' id='word_1_55' title='bbox 2594 1056 2633 1101; x_wconf 90' lang='lat' dir='ltr'><strong>e</strong></span> 
     </span>
     <span class='ocr_line' id='line_1_10' title="bbox 495 1128 2633 1233; baseline 0 -26"><span class='ocrx_word' id='word_1_56' title='bbox 495 1139 689 1233; x_wconf 87' lang='lat' dir='ltr'><strong>fruge</strong></span> <span class='ocrx_word' id='word_1_57' title='bbox 708 1128 732 1169; x_wconf 84' lang='lat'><strong>⁴</strong></span> <span class='ocrx_word' id='word_1_58' title='bbox 765 1137 888 1206; x_wconf 90' lang='lat' dir='ltr'><strong>sibi</strong></span> <span class='ocrx_word' id='word_1_59' title='bbox 938 1150 1136 1230; x_wconf 88' lang='lat' dir='ltr'><strong>potus</strong></span> <span class='ocrx_word' id='word_1_60' title='bbox 1179 1134 1427 1205; x_wconf 79' lang='lat' dir='ltr'><strong>similes</strong></span> <span class='ocrx_word' id='word_1_61' title='bbox 1468 1134 1903 1229; x_wconf 83' lang='lat' dir='ltr'><strong>excogitavit:</strong></span> <span class='ocrx_word' id='word_1_62' title='bbox 1960 1132 2269 1228; x_wconf 74' lang='lat' dir='ltr'><strong>nullaque</strong></span> <span class='ocrx_word' id='word_1_63' title='bbox 2319 1138 2387 1203; x_wconf 91' lang='lat' dir='ltr'><strong>in</strong></span> <span class='ocrx_word' id='word_1_64' title='bbox 2438 1152 2633 1230; x_wconf 81' lang='lat' dir='ltr'><strong>parte</strong></span> 
     </span>
     <span class='ocr_line' id='line_1_11' title="bbox 495 1238 2634 1334; baseline -0 -21"><span class='ocrx_word' id='word_1_65' title='bbox 495 1244 726 1314; x_wconf 87' lang='lat' dir='ltr'><strong>mundi</strong></span> <span class='ocrx_word' id='word_1_66' title='bbox 764 1258 976 1313; x_wconf 89' lang='lat' dir='ltr'><strong>cessat</strong></span> <span class='ocrx_word' id='word_1_67' title='bbox 1017 1241 1331 1311; x_wconf 76' lang='lat' dir='ltr'><strong>ebrietas:</strong></span> <span class='ocrx_word' id='word_1_68' title='bbox 1373 1242 1879 1334; x_wconf 73' lang='lat' dir='ltr'><strong>meros,quippe</strong></span> <span class='ocrx_word' id='word_1_69' title='bbox 1914 1238 2231 1310; x_wconf 88' lang='lat' dir='ltr'><strong>hauriunt</strong></span> <span class='ocrx_word' id='word_1_70' title='bbox 2272 1240 2437 1311; x_wconf 65' lang='lat' dir='ltr'><strong>tales</strong></span> <span class='ocrx_word' id='word_1_71' title='bbox 2478 1266 2634 1313; x_wconf 86' lang='lat' dir='ltr'><strong>suc·</strong></span> 
     </span>
     <span class='ocr_line' id='line_1_12' title="bbox 499 1346 2631 1439; baseline -0.001 -18"><span class='ocrx_word' id='word_1_72' title='bbox 499 1376 652 1435; x_wconf 77' lang='lat'><strong>003,</strong></span> <span class='ocrx_word' id='word_1_73' title='bbox 706 1374 829 1419; x_wconf 88' lang='lat' dir='ltr'><strong>nec</strong></span> <span class='ocrx_word' id='word_1_74' title='bbox 881 1347 1234 1434; x_wconf 90' lang='lat' dir='ltr'><strong>diluendo,</strong></span> <span class='ocrx_word' id='word_1_75' title='bbox 1287 1362 1362 1417; x_wconf 88' lang='lat' dir='ltr'><strong>ut</strong></span> <span class='ocrx_word' id='word_1_76' title='bbox 1405 1348 1597 1434; x_wconf 84' lang='lat' dir='ltr'><strong>vina,</strong></span> <span class='ocrx_word' id='word_1_77' title='bbox 1650 1347 1973 1439; x_wconf 86' lang='lat' dir='ltr'><strong>mitigant.</strong></span> <span class='ocrx_word' id='word_1_78' title='bbox 2023 1348 2111 1415; x_wconf 86' lang='lat' dir='ltr'><strong>At</strong></span> <span class='ocrx_word' id='word_1_79' title='bbox 2150 1346 2456 1417; x_wconf 85' lang='lat' dir='ltr'><strong>hercules</strong></span> <span class='ocrx_word' id='word_1_80' title='bbox 2498 1348 2631 1419; x_wconf 86' lang='lat' dir='ltr'><strong>illic</strong></span> 
     </span>
     <span class='ocr_line' id='line_1_13' title="bbox 500 1451 2636 1549; baseline -0.001 -23"><span class='ocrx_word' id='word_1_81' title='bbox 500 1456 694 1526; x_wconf 82' lang='lat' dir='ltr'><strong>tellus</strong></span> <span class='ocrx_word' id='word_1_82' title='bbox 730 1456 952 1548; x_wconf 86' lang='lat' dir='ltr'><strong>fruges</strong></span> <span class='ocrx_word' id='word_1_83' title='bbox 996 1477 1228 1549; x_wconf 82' lang='lat' dir='ltr'><strong>parere</strong></span> <span class='ocrx_word' id='word_1_84' title='bbox 1267 1453 1637 1524; x_wconf 81' lang='lat' dir='ltr'><strong>videbatur.</strong></span> <span class='ocrx_word' id='word_1_85' title='bbox 1676 1451 2060 1534; x_wconf 62' lang='lat' dir='ltr'><strong>Heu,‚mira</strong></span> <span class='ocrx_word' id='word_1_86' title='bbox 2084 1452 2399 1523; x_wconf 80' lang='lat' dir='ltr'><strong>vitiorum</strong></span> <span class='ocrx_word' id='word_1_87' title='bbox 2438 1453 2636 1523; x_wconf 85' lang='lat' dir='ltr'><strong>soler·</strong></span> 
     </span>
     <span class='ocr_line' id='line_1_14' title="bbox 502 1558 2629 1653; baseline -0.001 -22"><span class='ocrx_word' id='word_1_88' title='bbox 502 1559 636 1633; x_wconf 86' lang='lat' dir='ltr'><strong>tial</strong></span> <span class='ocrx_word' id='word_1_89' title='bbox 691 1564 1034 1631; x_wconf 85' lang='lat' dir='ltr'><strong>inventum</strong></span> <span class='ocrx_word' id='word_1_90' title='bbox 1083 1574 1184 1629; x_wconf 88' lang='lat' dir='ltr'><strong>est</strong></span> <span class='ocrx_word' id='word_1_91' title='bbox 1222 1558 1782 1652; x_wconf 81' lang='lat' dir='ltr'><strong>quemadmodum</strong></span> <span class='ocrx_word' id='word_1_92' title='bbox 1826 1580 1997 1650; x_wconf 87' lang='lat' dir='ltr'><strong>aqua</strong></span> <span class='ocrx_word' id='word_1_93' title='bbox 2035 1582 2301 1653; x_wconf 89' lang='lat' dir='ltr'><strong>quoque</strong></span> <span class='ocrx_word' id='word_1_94' title='bbox 2341 1560 2629 1629; x_wconf 87' lang='lat' dir='ltr'><strong>inebria·</strong></span> 
     </span>
     <span class='ocr_line' id='line_1_15' title="bbox 503 1654 2632 1763; baseline -0.001 -26"><span class='ocrx_word' id='word_1_95' title='bbox 503 1683 608 1739; x_wconf 87' lang='lat' dir='ltr'><strong>ret</strong></span> <span class='ocrx_word' id='word_1_96' title='bbox 621 1654 665 1736; x_wconf 87' lang='lat'><strong>⁵.</strong></span> <span class='ocrx_word' id='word_1_97' title='bbox 709 1670 867 1737; x_wconf 89' lang='lat' dir='ltr'><strong>Duo</strong></span> <span class='ocrx_word' id='word_1_98' title='bbox 907 1680 1062 1735; x_wconf 88' lang='lat' dir='ltr'><strong>sunt</strong></span> <span class='ocrx_word' id='word_1_99' title='bbox 1100 1664 1386 1763; x_wconf 83' lang='lat' dir='ltr'><strong>liquores</strong></span> <span class='ocrx_word' id='word_1_100' title='bbox 1444 1664 1835 1759; x_wconf 81' lang='lat' dir='ltr'><strong>corporibus</strong></span> <span class='ocrx_word' id='word_1_101' title='bbox 1889 1662 2194 1733; x_wconf 86' lang='lat' dir='ltr'><strong>humanis</strong></span> <span class='ocrx_word' id='word_1_102' title='bbox 2242 1666 2632 1759; x_wconf 78' lang='lat' dir='ltr'><strong>gratissimi,</strong></span> 
     </span>
    </p>
   </div>
   <div class='ocr_carea' id='block_1_7' title="bbox 503 1804 1529 3942">
    <p class='ocr_par' dir='ltr' id='par_1_7' title="bbox 503 1804 1524 2041">
     <span class='ocr_line' id='line_1_16' title="bbox 585 1804 1523 1877; baseline -0.006 -12"><span class='ocrx_word' id='word_1_103' title='bbox 585 1808 677 1877; x_wconf 80' lang='grc'><strong>45.</strong></span> <span class='ocrx_word' id='word_1_104' title='bbox 697 1810 843 1863; x_wconf 70' lang='lat' dir='ltr'><strong>Sicine</strong></span> <span class='ocrx_word' id='word_1_105' title='bbox 857 1808 1083 1860; x_wconf 77' lang='lat' dir='ltr'><strong>Parthos.</strong></span> <span class='ocrx_word' id='word_1_106' title='bbox 1097 1806 1375 1860; x_wconf 82' lang='lat' dir='ltr'><strong>Erasmum</strong></span> <span class='ocrx_word' id='word_1_107' title='bbox 1399 1804 1523 1860; x_wconf 79' lang='lat' dir='ltr'><strong>vide</strong></span> 
     </span>
     <span class='ocr_line' id='line_1_17' title="bbox 503 1884 1524 1959; baseline -0.006 -14"><span class='ocrx_word' id='word_1_108' title='bbox 503 1892 646 1947; x_wconf 80' lang='lat' dir='ltr'><strong>chit.</strong></span> <span class='ocrx_word' id='word_1_109' title='bbox 677 1898 739 1955; x_wconf 86' lang='grc'><strong>4,</strong></span> <span class='ocrx_word' id='word_1_110' title='bbox 753 1902 896 1943; x_wconf 85' lang='lat' dir='ltr'><strong>cent.</strong></span> <span class='ocrx_word' id='word_1_111' title='bbox 920 1908 1014 1951; x_wconf 82' lang='grc' dir='ltr'><strong>ιο,</strong></span> <span class='ocrx_word' id='word_1_112' title='bbox 1036 1884 1189 1959; x_wconf 76' lang='lat' dir='ltr'><strong>adag.</strong></span> <span class='ocrx_word' id='word_1_113' title='bbox 1213 1905 1313 1939; x_wconf 77' lang='lat'><strong>21·</strong></span> <span class='ocrx_word' id='word_1_114' title='bbox 1345 1886 1524 1941; x_wconf 75' lang='lat' dir='ltr'><strong>«Par-</strong></span> 
     </span>
     <span class='ocr_line' id='line_1_18' title="bbox 505 1964 1401 2041; baseline -0.008 -19"><span class='ocrx_word' id='word_1_115' title='bbox 505 1970 580 2024; x_wconf 91' lang='lat' dir='ltr'><strong>thi</strong></span> <span class='ocrx_word' id='word_1_116' title='bbox 611 1988 718 2041; x_wconf 90' lang='lat' dir='ltr'><strong>quo</strong></span> <span class='ocrx_word' id='word_1_117' title='bbox 745 1970 866 2039; x_wconf 83' lang='lat' dir='ltr'><strong>plus</strong></span> <span class='ocrx_word' id='word_1_118' title='bbox 885 1966 1188 2020; x_wconf 85' lang='lat' dir='ltr'><strong>biberint.</strong></span> <span class='ocrx_word' id='word_1_119' title='bbox 1221 1964 1401 2016; x_wconf 56' lang='lat' dir='ltr'><strong>Ham).</strong></span> 
     </span>
    </p>

    <p class='ocr_par' dir='ltr' id='par_1_8' title="bbox 503 2038 1522 2357">
     <span class='ocr_line' id='line_1_19' title="bbox 585 2038 1522 2119; baseline -0.004 -19"><span class='ocrx_word' id='word_1_120' title='bbox 585 2042 786 2101; x_wconf 81' lang='lat' dir='ltr'>XXIX.</span> <span class='ocrx_word' id='word_1_121' title='bbox 823 2070 866 2101; x_wconf 82' lang='lat' dir='ltr'><strong>t·</strong></span> <span class='ocrx_word' id='word_1_122' title='bbox 910 2046 1075 2119; x_wconf 69' lang='lat' dir='ltr'><strong>Fruge</strong></span> <span class='ocrx_word' id='word_1_123' title='bbox 1126 2046 1339 2097; x_wconf 72' lang='lat' dir='ltr'><strong>madida.</strong></span> <span class='ocrx_word' id='word_1_124' title='bbox 1387 2038 1522 2097; x_wconf 70' lang='lat' dir='ltr'><strong>Fru-</strong></span> 
     </span>
     <span class='ocr_line' id='line_1_20' title="bbox 505 2123 1522 2193; baseline -0.007 -12"><span class='ocrx_word' id='word_1_125' title='bbox 505 2142 732 2191; x_wconf 84' lang='lat' dir='ltr'><strong>mento,</strong></span> <span class='ocrx_word' id='word_1_126' title='bbox 787 2124 1026 2187; x_wconf 82' lang='lat' dir='ltr'><strong>hordeo,</strong></span> <span class='ocrx_word' id='word_1_127' title='bbox 1085 2140 1292 2185; x_wconf 76' lang='lat' dir='ltr'><strong>avena,</strong></span> <span class='ocrx_word' id='word_1_128' title='bbox 1335 2123 1522 2193; x_wconf 78' lang='lat' dir='ltr'><strong>olyra,</strong></span> 
     </span>
     <span class='ocr_line' id='line_1_21' title="bbox 509 2202 1521 2276; baseline -0.005 -17"><span class='ocrx_word' id='word_1_129' title='bbox 509 2206 660 2261; x_wconf 86' lang='lat' dir='ltr'><strong>milio</strong></span> <span class='ocrx_word' id='word_1_130' title='bbox 673 2242 687 2269; x_wconf 90' lang='lat'><strong>,</strong></span> <span class='ocrx_word' id='word_1_131' title='bbox 701 2202 1060 2276; x_wconf 66' lang='lat' dir='ltr'><strong>pameo.V1de</strong></span> <span class='ocrx_word' id='word_1_132' title='bbox 1075 2203 1244 2273; x_wconf 83' lang='lat' dir='ltr'><strong>Geop.</strong></span> <span class='ocrx_word' id='word_1_133' title='bbox 1261 2202 1356 2255; x_wconf 84' lang='lat' dir='ltr'><strong>lib.</strong></span> <span class='ocrx_word' id='word_1_134' title='bbox 1379 2202 1491 2254; x_wconf 83' lang='lat' dir='ltr'><strong>vn</strong></span> <span class='ocrx_word' id='word_1_135' title='bbox 1506 2241 1521 2268; x_wconf 94' lang='lat'><strong>,</strong></span> 
     </span>
     <span class='ocr_line' id='line_1_22' title="bbox 503 2278 1245 2357; baseline -0.015 -18"><span class='ocrx_word' id='word_1_136' title='bbox 503 2304 618 2357; x_wconf 82' lang='lat' dir='ltr'><strong>cap.</strong></span> <span class='ocrx_word' id='word_1_137' title='bbox 641 2294 712 2351; x_wconf 70' lang='lat'><strong>,²4</strong></span> <span class='ocrx_word' id='word_1_138' title='bbox 729 2322 746 2347; x_wconf 91' lang='lat'><strong>,</strong></span> <span class='ocrx_word' id='word_1_139' title='bbox 769 2302 890 2355; x_wconf 72' lang='lat' dir='ltr'><strong>pag.</strong></span> <span class='ocrx_word' id='word_1_140' title='bbox 917 2282 1043 2335; x_wconf 80' lang='lat'><strong>203.</strong></span> <span class='ocrx_word' id='word_1_141' title='bbox 1070 2278 1245 2331; x_wconf 74' lang='grc' dir='ltr'>Ηιιιιο.</span> 
     </span>
    </p>

    <p class='ocr_par' dir='ltr' id='par_1_9' title="bbox 506 2358 1529 3942">
     <span class='ocr_line' id='line_1_23' title="bbox 591 2358 1524 2417; baseline -0.004 0"><span class='ocrx_word' id='word_1_142' title='bbox 591 2384 642 2417; x_wconf 78' lang='lat'><strong>2.</strong></span> <span class='ocrx_word' id='word_1_143' title='bbox 667 2364 765 2415; x_wconf 81' lang='lat' dir='ltr'><strong>Per</strong></span> <span class='ocrx_word' id='word_1_144' title='bbox 799 2362 1014 2416; x_wconf 75' lang='lat' dir='ltr'><strong>Gallias.</strong></span> <span class='ocrx_word' id='word_1_145' title='bbox 1053 2361 1162 2413; x_wconf 88' lang='lat' dir='ltr'><strong>Ubi</strong></span> <span class='ocrx_word' id='word_1_146' title='bbox 1209 2378 1276 2412; x_wconf 84' lang='lat' dir='ltr'><strong>ex</strong></span> <span class='ocrx_word' id='word_1_147' title='bbox 1313 2358 1524 2413; x_wconf 86' lang='lat' dir='ltr'><strong>hordeo</strong></span> 
     </span>
     <span class='ocr_line' id='line_1_24' title="bbox 506 2438 1524 2507; baseline -0.003 -12"><span class='ocrx_word' id='word_1_148' title='bbox 506 2442 724 2497; x_wconf 81' lang='lat' dir='ltr'><strong>cervisia</strong></span> <span class='ocrx_word' id='word_1_149' title='bbox 753 2440 841 2507; x_wconf 80' lang='lat' dir='ltr'><strong>fit,</strong></span> <span class='ocrx_word' id='word_1_150' title='bbox 884 2440 944 2491; x_wconf 75' lang='lat' dir='ltr'><strong>de</strong></span> <span class='ocrx_word' id='word_1_151' title='bbox 990 2441 1040 2492; x_wconf 80' lang='lat' dir='ltr'><strong>la</strong></span> <span class='ocrx_word' id='word_1_152' title='bbox 1075 2438 1214 2491; x_wconf 66' lang='lat' dir='ltr'><strong>hiere.</strong></span> <span class='ocrx_word' id='word_1_153' title='bbox 1262 2440 1441 2492; x_wconf 79' lang='lat' dir='ltr'><strong>Exstat</strong></span> <span class='ocrx_word' id='word_1_154' title='bbox 1470 2440 1524 2492; x_wconf 86' lang='lat' dir='ltr'><strong>in</strong></span> 
     </span>
     <span class='ocr_line' id='line_1_25' title="bbox 507 2519 1525 2590; baseline -0.003 -15"><span class='ocrx_word' id='word_1_155' title='bbox 507 2522 723 2576; x_wconf 78' lang='lat' dir='ltr'><strong>Anthol.</strong></span> <span class='ocrx_word' id='word_1_156' title='bbox 753 2521 845 2573; x_wconf 86' lang='lat' dir='ltr'><strong>lib.</strong></span> <span class='ocrx_word' id='word_1_157' title='bbox 871 2522 928 2584; x_wconf 90' lang='lat' dir='ltr'><strong>I,</strong></span> <span class='ocrx_word' id='word_1_158' title='bbox 967 2538 1084 2590; x_wconf 85' lang='lat' dir='ltr'><strong>cap.</strong></span> <span class='ocrx_word' id='word_1_159' title='bbox 1117 2519 1189 2589; x_wconf 85' lang='lat'><strong>59</strong></span> <span class='ocrx_word' id='word_1_160' title='bbox 1213 2557 1228 2584; x_wconf 92' lang='lat'><strong>,</strong></span> <span class='ocrx_word' id='word_1_161' title='bbox 1264 2520 1525 2590; x_wconf 82' lang='lat' dir='ltr'><strong>epigram·</strong></span> 
     </span>
     <span class='ocr_line' id='line_1_26' title="bbox 509 2596 1521 2675; baseline -0.004 -20"><span class='ocrx_word' id='word_1_162' title='bbox 509 2622 592 2655; x_wconf 86' lang='lat' dir='ltr'><strong>ma</strong></span> <span class='ocrx_word' id='word_1_163' title='bbox 613 2602 859 2675; x_wconf 87' lang='lat' dir='ltr'><strong>quintum</strong></span> <span class='ocrx_word' id='word_1_164' title='bbox 880 2600 912 2653; x_wconf 86' lang='lat' dir='ltr'><strong>J</strong></span> <span class='ocrx_word' id='word_1_165' title='bbox 919 2600 1078 2652; x_wconf 77' lang='lat' dir='ltr'><strong>aliani</strong></span> <span class='ocrx_word' id='word_1_166' title='bbox 1097 2596 1235 2670; x_wconf 86' lang='lat' dir='ltr'><strong>Imp.</strong></span> <span class='ocrx_word' id='word_1_167' title='bbox 1255 2599 1311 2651; x_wconf 87' lang='lat' dir='ltr'><strong>in</strong></span> <span class='ocrx_word' id='word_1_168' title='bbox 1333 2599 1521 2651; x_wconf 84' lang='lat' dir='ltr'><strong>vinum</strong></span> 
     </span>
     <span class='ocr_line' id='line_1_27' title="bbox 508 2676 1527 2749; baseline -0.005 -14"><span class='ocrx_word' id='word_1_169' title='bbox 508 2682 802 2737; x_wconf 79' lang='lat' dir='ltr'><strong>Galliarum</strong></span> <span class='ocrx_word' id='word_1_170' title='bbox 822 2700 886 2733; x_wconf 87' lang='lat' dir='ltr'><strong>ex</strong></span> <span class='ocrx_word' id='word_1_171' title='bbox 914 2677 1152 2741; x_wconf 86' lang='lat' dir='ltr'><strong>hordeo,</strong></span> <span class='ocrx_word' id='word_1_172' title='bbox 1180 2676 1384 2749; x_wconf 87' lang='lat' dir='ltr'><strong>oppido</strong></span> <span class='ocrx_word' id='word_1_173' title='bbox 1401 2696 1527 2731; x_wconf 86' lang='lat' dir='ltr'><strong>sane</strong></span> 
     </span>
     <span class='ocr_line' id='line_1_28' title="bbox 506 2761 1527 2833; baseline -0.005 -19"><span class='ocrx_word' id='word_1_174' title='bbox 506 2762 758 2833; x_wconf 74' lang='lat' dir='ltr'><strong>elegans:</strong></span> <span class='ocrx_word' id='word_1_175' title='bbox 805 2761 1159 2813; x_wconf 75' lang='grc' dir='ltr'><strong>ΙΟΥΔῙΑΝΟΥ</strong></span> <span class='ocrx_word' id='word_1_176' title='bbox 1201 2762 1527 2809; x_wconf 75' lang='grc' dir='ltr'><strong>ΒΑΣΙΛΕΩΣ</strong></span> 
     </span>
     <span class='ocr_line' id='line_1_29' title="bbox 508 2831 1524 2909; baseline -0.007 -14"><span class='ocrx_word' id='word_1_177' title='bbox 508 2844 574 2902; x_wconf 78' lang='grc' dir='ltr'><strong>εἰς</strong></span> <span class='ocrx_word' id='word_1_178' title='bbox 609 2836 673 2895; x_wconf 81' lang='grc' dir='ltr'><strong>οἷν</strong></span> <span class='ocrx_word' id='word_1_179' title='bbox 651 2863 726 2895; x_wconf 87' lang='grc' dir='ltr'><strong>ννο</strong></span> <span class='ocrx_word' id='word_1_180' title='bbox 765 2842 862 2893; x_wconf 76' lang='grc' dir='ltr'><strong>ἀπὸ</strong></span> <span class='ocrx_word' id='word_1_181' title='bbox 901 2842 1076 2909; x_wconf 78' lang='grc' dir='ltr'>κριθῆς.</span> <span class='ocrx_word' id='word_1_182' title='bbox 1101 2836 1214 2899; x_wconf 52' lang='lat' dir='ltr'><strong>Tim</strong></span> <span class='ocrx_word' id='word_1_183' title='bbox 1255 2838 1396 2889; x_wconf 78' lang='grc' dir='ltr'>πόθεν</span> <span class='ocrx_word' id='word_1_184' title='bbox 1427 2831 1524 2901; x_wconf 77' lang='grc' dir='ltr'><strong>εἷς,</strong></span> 
     </span>
     <span class='ocr_line' id='line_1_30' title="bbox 511 2916 1522 2989; baseline -0.004 -16"><span class='ocrx_word' id='word_1_185' title='bbox 511 2924 614 2975; x_wconf 71' lang='grc' dir='ltr'>Διόν</span> <span class='ocrx_word' id='word_1_186' title='bbox 593 2940 735 2974; x_wconf 71' lang='lat' dir='ltr'><strong>me·</strong></span> <span class='ocrx_word' id='word_1_187' title='bbox 722 2960 739 2985; x_wconf 91' lang='lat'><strong>,</strong></span> <span class='ocrx_word' id='word_1_188' title='bbox 770 2922 844 2986; x_wconf 79' lang='grc' dir='ltr'><strong>μὰ</strong></span> <span class='ocrx_word' id='word_1_189' title='bbox 869 2918 961 2989; x_wconf 77' lang='grc' dir='ltr'><strong>γὰρ</strong></span> <span class='ocrx_word' id='word_1_190' title='bbox 997 2924 1078 2969; x_wconf 77' lang='grc' dir='ltr'><strong>τὸν</strong></span> <span class='ocrx_word' id='word_1_191' title='bbox 1125 2917 1306 2972; x_wconf 59' lang='lat' dir='ltr'><strong>&amp;ino-&#39;a</strong></span> <span class='ocrx_word' id='word_1_192' title='bbox 1331 2916 1522 2983; x_wconf 76' lang='grc' dir='ltr'>Βάκχον</span> 
     </span>
     <span class='ocr_line' id='line_1_31' title="bbox 509 2990 1523 3069; baseline -0.006 -16"><span class='ocrx_word' id='word_1_193' title='bbox 509 3004 581 3053; x_wconf 83' lang='grc' dir='ltr'><strong>Οὐ</strong></span> <span class='ocrx_word' id='word_1_194' title='bbox 599 3008 646 3052; x_wconf 89' lang='grc' dir='ltr'><strong>σ’</strong></span> <span class='ocrx_word' id='word_1_195' title='bbox 661 2998 984 3069; x_wconf 60' lang='grc' dir='ltr'><strong>ἐπιγινώσκει·</strong></span> <span class='ocrx_word' id='word_1_196' title='bbox 1003 2998 1084 3049; x_wconf 76' lang='grc' dir='ltr'><strong>τὸν</strong></span> <span class='ocrx_word' id='word_1_197' title='bbox 1096 2998 1203 3057; x_wconf 75' lang='grc' dir='ltr'>Διὸς</span> <span class='ocrx_word' id='word_1_198' title='bbox 1225 2990 1340 3048; x_wconf 70' lang='grc' dir='ltr'><strong>οἶδα</strong></span> <span class='ocrx_word' id='word_1_199' title='bbox 1359 2998 1523 3067; x_wconf 74' lang='grc' dir='ltr'>μόνον.</span> 
     </span>
     <span class='ocr_line' id='line_1_32' title="bbox 512 3070 1523 3147; baseline -0.004 -16"><span class='ocrx_word' id='word_1_200' title='bbox 512 3081 680 3139; x_wconf 73' lang='grc' dir='ltr'>Κοῖνος</span> <span class='ocrx_word' id='word_1_201' title='bbox 711 3078 886 3147; x_wconf 70' lang='grc' dir='ltr'>νέκταρ</span> <span class='ocrx_word' id='word_1_202' title='bbox 923 3070 1105 3128; x_wconf 66' lang='grc' dir='ltr'><strong><em>ὄδωδε·</em></strong></span> <span class='ocrx_word' id='word_1_203' title='bbox 1136 3076 1195 3127; x_wconf 73' lang='grc' dir='ltr'><strong>σὺ</strong></span> <span class='ocrx_word' id='word_1_204' title='bbox 1229 3070 1287 3127; x_wconf 71' lang='grc' dir='ltr'><strong>δὲ</strong></span> <span class='ocrx_word' id='word_1_205' title='bbox 1326 3072 1523 3146; x_wconf 66' lang='grc' dir='ltr'>τράγον·</span> 
     </span>
     <span class='ocr_line' id='line_1_33' title="bbox 508 3154 1525 3228; baseline -0.005 -18"><span class='ocrx_word' id='word_1_206' title='bbox 508 3154 542 3215; x_wconf 74' lang='grc' dir='ltr'>ἦ</span> <span class='ocrx_word' id='word_1_207' title='bbox 577 3158 638 3228; x_wconf 74' lang='grc' dir='ltr'><strong>ῥά</strong></span> <span class='ocrx_word' id='word_1_208' title='bbox 667 3177 721 3208; x_wconf 75' lang='grc' dir='ltr'><strong>σι</strong></span> <span class='ocrx_word' id='word_1_209' title='bbox 764 3156 968 3217; x_wconf 73' lang='grc' dir='ltr'>Κελτοὶ,</span> <span class='ocrx_word' id='word_1_210' title='bbox 997 3160 1071 3223; x_wconf 83' lang='grc' dir='ltr'><strong>Τῇ</strong></span> <span class='ocrx_word' id='word_1_211' title='bbox 1106 3157 1246 3221; x_wconf 72' lang='grc' dir='ltr'>πενίῃ</span> <span class='ocrx_word' id='word_1_212' title='bbox 1276 3156 1488 3224; x_wconf 82' lang='grc' dir='ltr'>βοτρύων</span> <span class='ocrx_word' id='word_1_213' title='bbox 1510 3190 1525 3215; x_wconf 84' lang='grc'><em>,</em></span> 
     </span>
     <span class='ocr_line' id='line_1_34' title="bbox 512 3232 1526 3305; baseline -0.007 -15"><span class='ocrx_word' id='word_1_214' title='bbox 512 3238 682 3299; x_wconf 80' lang='grc' dir='ltr'>τιῦξοιν</span> <span class='ocrx_word' id='word_1_215' title='bbox 713 3232 804 3287; x_wconf 82' lang='grc' dir='ltr'><strong>ἀπ’</strong></span> <span class='ocrx_word' id='word_1_216' title='bbox 832 3236 1084 3301; x_wconf 52' lang='lat' dir='ltr'><strong>&amp;commu</strong></span> <span class='ocrx_word' id='word_1_217' title='bbox 1115 3240 1197 3305; x_wconf 85' lang='grc' dir='ltr'><strong>Τῷ</strong></span> <span class='ocrx_word' id='word_1_218' title='bbox 1231 3234 1284 3285; x_wconf 69' lang='grc' dir='ltr'><strong>σὺ</strong></span> <span class='ocrx_word' id='word_1_219' title='bbox 1307 3234 1396 3303; x_wconf 74' lang='grc' dir='ltr'><strong>χρὴ</strong></span> <span class='ocrx_word' id='word_1_220' title='bbox 1435 3252 1526 3284; x_wconf 75' lang='grc' dir='ltr'><strong>κα·</strong></span> 
     </span>
     <span class='ocr_line' id='line_1_35' title="bbox 508 3314 1527 3385; baseline -0.002 -18"><span class='ocrx_word' id='word_1_221' title='bbox 508 3319 629 3369; x_wconf 79' lang='grc' dir='ltr'><strong>λείιν</strong></span> <span class='ocrx_word' id='word_1_222' title='bbox 661 3314 930 3385; x_wconf 70' lang='grc' dir='ltr'>Δημήτριον</span> <span class='ocrx_word' id='word_1_223' title='bbox 953 3352 968 3378; x_wconf 86' lang='grc'><strong><em>,</em></strong></span> <span class='ocrx_word' id='word_1_224' title='bbox 999 3315 1050 3365; x_wconf 77' lang='grc' dir='ltr'><strong>οὐ</strong></span> <span class='ocrx_word' id='word_1_225' title='bbox 1085 3314 1306 3365; x_wconf 79' lang='grc' dir='ltr'>Διόνυσον</span> <span class='ocrx_word' id='word_1_226' title='bbox 1325 3351 1340 3375; x_wconf 85' lang='grc'><em>,</em></span> <span class='ocrx_word' id='word_1_227' title='bbox 1373 3318 1527 3384; x_wconf 79' lang='grc' dir='ltr'>Πυρσ-</span> 
     </span>
     <span class='ocr_line' id='line_1_36' title="bbox 508 3392 1527 3467; baseline -0.003 -19"><span class='ocrx_word' id='word_1_228' title='bbox 508 3400 626 3467; x_wconf 76' lang='grc' dir='ltr'><strong>γενῆ</strong></span> <span class='ocrx_word' id='word_1_229' title='bbox 651 3397 831 3464; x_wconf 74' lang='grc' dir='ltr'>μᾶλλον</span> <span class='ocrx_word' id='word_1_230' title='bbox 855 3430 872 3453; x_wconf 86' lang='lat'><strong>,</strong></span> <span class='ocrx_word' id='word_1_231' title='bbox 916 3392 998 3444; x_wconf 75' lang='grc' dir='ltr'><strong>καὶ</strong></span> <span class='ocrx_word' id='word_1_232' title='bbox 1025 3392 1200 3461; x_wconf 73' lang='grc' dir='ltr'>βρέμον</span> <span class='ocrx_word' id='word_1_233' title='bbox 1225 3392 1274 3443; x_wconf 79' lang='grc' dir='ltr'><strong>οὐ</strong></span> <span class='ocrx_word' id='word_1_234' title='bbox 1303 3392 1527 3463; x_wconf 74' lang='grc' dir='ltr'>Βρόμιον.</span> 
     </span>
     <span class='ocr_line' id='line_1_37' title="bbox 513 3470 1529 3541; baseline -0.003 -15"><span class='ocrx_word' id='word_1_235' title='bbox 513 3472 675 3541; x_wconf 89' lang='lat' dir='ltr'><strong>Quod</strong></span> <span class='ocrx_word' id='word_1_236' title='bbox 729 3472 950 3525; x_wconf 81' lang='lat' dir='ltr'><strong>feliciter</strong></span> <span class='ocrx_word' id='word_1_237' title='bbox 1006 3470 1126 3523; x_wconf 83' lang='lat' dir='ltr'><strong>satis</strong></span> <span class='ocrx_word' id='word_1_238' title='bbox 1183 3470 1402 3525; x_wconf 85' lang='lat' dir='ltr'><strong>Grotius</strong></span> <span class='ocrx_word' id='word_1_239' title='bbox 1459 3471 1529 3524; x_wconf 82' lang='lat' dir='ltr'><strong>ita</strong></span> 
     </span>
     <span class='ocr_line' id='line_1_38' title="bbox 511 3548 1528 3621; baseline -0.006 -14"><span class='ocrx_word' id='word_1_240' title='bbox 511 3551 746 3607; x_wconf 81' lang='lat' dir='ltr'><strong>reddidit</strong></span> <span class='ocrx_word' id='word_1_241' title='bbox 780 3569 793 3604; x_wconf 75' lang='grc' dir='ltr'><strong><em>ε</em></strong></span> <span class='ocrx_word' id='word_1_242' title='bbox 833 3577 855 3598; x_wconf 80' lang='grc' dir='ltr'>ι</span> <span class='ocrx_word' id='word_1_243' title='bbox 889 3548 1079 3613; x_wconf 86' lang='lat' dir='ltr'><strong>Unde,</strong></span> <span class='ocrx_word' id='word_1_244' title='bbox 1109 3549 1225 3621; x_wconf 79' lang='lat' dir='ltr'><strong>quis</strong></span> <span class='ocrx_word' id='word_1_245' title='bbox 1245 3568 1298 3602; x_wconf 81' lang='lat' dir='ltr'><strong>es</strong></span> <span class='ocrx_word' id='word_1_246' title='bbox 1321 3548 1528 3603; x_wconf 81' lang='lat' dir='ltr'><strong>Liber?</strong></span> 
     </span>
     <span class='ocr_line' id='line_1_39' title="bbox 509 3628 1528 3685; baseline -0.005 0"><span class='ocrx_word' id='word_1_247' title='bbox 509 3632 600 3685; x_wconf 82' lang='lat' dir='ltr'><strong>hic</strong></span> <span class='ocrx_word' id='word_1_248' title='bbox 619 3632 685 3684; x_wconf 74' lang='lat' dir='ltr'><strong>sit</strong></span> <span class='ocrx_word' id='word_1_249' title='bbox 702 3631 829 3683; x_wconf 87' lang='lat' dir='ltr'><strong>mihi</strong></span> <span class='ocrx_word' id='word_1_250' title='bbox 843 3630 1004 3683; x_wconf 81' lang='lat' dir='ltr'><strong>Liber</strong></span> <span class='ocrx_word' id='word_1_251' title='bbox 1017 3628 1377 3682; x_wconf 79' lang='lat' dir='ltr'><strong>amicus?Non</strong></span> <span class='ocrx_word' id='word_1_252' title='bbox 1395 3628 1528 3681; x_wconf 83' lang='lat' dir='ltr'><strong>mihi</strong></span> 
     </span>
     <span class='ocr_line' id='line_1_40' title="bbox 513 3706 1526 3779; baseline -0.005 -14"><span class='ocrx_word' id='word_1_253' title='bbox 513 3726 569 3765; x_wconf 87' lang='lat' dir='ltr'><strong>tu</strong></span> <span class='ocrx_word' id='word_1_254' title='bbox 592 3725 774 3776; x_wconf 81' lang='lat' dir='ltr'><strong>notus,</strong></span> <span class='ocrx_word' id='word_1_255' title='bbox 820 3710 912 3762; x_wconf 77' lang='lat' dir='ltr'><strong>sed</strong></span> <span class='ocrx_word' id='word_1_256' title='bbox 953 3728 1085 3779; x_wconf 81' lang='lat' dir='ltr'><strong>puer</strong></span> <span class='ocrx_word' id='word_1_257' title='bbox 1117 3708 1204 3762; x_wconf 88' lang='lat' dir='ltr'><strong>ille</strong></span> <span class='ocrx_word' id='word_1_258' title='bbox 1231 3708 1392 3761; x_wconf 78' lang='lat' dir='ltr'><strong>Iovis.</strong></span> <span class='ocrx_word' id='word_1_259' title='bbox 1427 3706 1526 3760; x_wconf 84' lang='lat' dir='ltr'><strong>Ille</strong></span> 
     </span>
     <span class='ocr_line' id='line_1_41' title="bbox 513 3790 1523 3857; baseline -0.005 -14"><span class='ocrx_word' id='word_1_260' title='bbox 513 3806 569 3845; x_wconf 88' lang='lat' dir='ltr'><strong>ut</strong></span> <span class='ocrx_word' id='word_1_261' title='bbox 601 3804 783 3846; x_wconf 81' lang='lat' dir='ltr'><strong>nectar</strong></span> <span class='ocrx_word' id='word_1_262' title='bbox 811 3790 919 3842; x_wconf 85' lang='lat' dir='ltr'><strong>olet</strong></span> <span class='ocrx_word' id='word_1_263' title='bbox 951 3808 964 3839; x_wconf 72' lang='grc' dir='ltr'><strong>ε</strong></span> <span class='ocrx_word' id='word_1_264' title='bbox 993 3800 1050 3841; x_wconf 86' lang='lat' dir='ltr'><strong>tu</strong></span> <span class='ocrx_word' id='word_1_265' title='bbox 1084 3807 1178 3840; x_wconf 89' lang='lat' dir='ltr'><strong>ceu</strong></span> <span class='ocrx_word' id='word_1_266' title='bbox 1219 3804 1380 3857; x_wconf 77' lang='lat' dir='ltr'><strong>caper</strong></span> <span class='ocrx_word' id='word_1_267' title='bbox 1408 3804 1422 3838; x_wconf 79' lang='grc' dir='ltr'><em>τ</em></span> <span class='ocrx_word' id='word_1_268' title='bbox 1457 3806 1523 3839; x_wconf 81' lang='lat' dir='ltr'><strong>an</strong></span> 
     </span>
     <span class='ocr_line' id='line_1_42' title="bbox 511 3864 1523 3942; baseline -0.007 -18"><span class='ocrx_word' id='word_1_269' title='bbox 511 3872 618 3924; x_wconf 84' lang='lat' dir='ltr'><strong>fera</strong></span> <span class='ocrx_word' id='word_1_270' title='bbox 638 3886 686 3924; x_wconf 88' lang='lat' dir='ltr'><strong>te</strong></span> <span class='ocrx_word' id='word_1_271' title='bbox 706 3888 834 3942; x_wconf 75' lang='lat' dir='ltr'><strong>gens</strong></span> <span class='ocrx_word' id='word_1_272' title='bbox 847 3868 922 3921; x_wconf 86' lang='lat' dir='ltr'><strong>Ex</strong></span> <span class='ocrx_word' id='word_1_273' title='bbox 941 3868 1083 3939; x_wconf 82' lang='lat' dir='ltr'><strong>spica</strong></span> <span class='ocrx_word' id='word_1_274' title='bbox 1100 3866 1280 3939; x_wconf 81' lang='lat' dir='ltr'><strong>genuit</strong></span> <span class='ocrx_word' id='word_1_275' title='bbox 1299 3864 1495 3917; x_wconf 82' lang='lat' dir='ltr'><strong>Celtica</strong></span> <span class='ocrx_word' id='word_1_276' title='bbox 1507 3904 1523 3931; x_wconf 90' lang='lat'><strong>,</strong></span> 
     </span>
    </p>
   </div>
   <div class='ocr_carea' id='block_1_8' title="bbox 508 3945 1521 4022">
    <p class='ocr_par' dir='ltr' id='par_1_10' title="bbox 508 3945 1521 4022">
     <span class='ocr_line' id='line_1_43' title="bbox 508 3945 1521 4022; baseline -0.005 -18"><span class='ocrx_word' id='word_1_277' title='bbox 508 3952 631 4006; x_wconf 80' lang='lat' dir='ltr'><strong>vitis</strong></span> <span class='ocrx_word' id='word_1_278' title='bbox 684 3948 882 4022; x_wconf 77' lang='lat' dir='ltr'><strong>egens?</strong></span> <span class='ocrx_word' id='word_1_279' title='bbox 935 3948 1073 4001; x_wconf 86' lang='lat' dir='ltr'><strong>Hinc</strong></span> <span class='ocrx_word' id='word_1_280' title='bbox 1131 3945 1362 4009; x_wconf 70' lang='lat' dir='ltr'><strong>Cerealis</strong></span> <span class='ocrx_word' id='word_1_281' title='bbox 1405 3964 1521 3999; x_wconf 78' lang='lat' dir='ltr'><strong>eras</strong></span> 
     </span>
    </p>
   </div>
   <div class='ocr_carea' id='block_1_9' title="bbox 1610 1804 2633 4009">
    <p class='ocr_par' dir='ltr' id='par_1_11' title="bbox 1611 1804 2633 2019">
     <span class='ocr_line' id='line_1_44' title="bbox 1611 1804 2633 1875; baseline 0.003 -16"><span class='ocrx_word' id='word_1_282' title='bbox 1611 1804 1819 1859; x_wconf 82' lang='lat' dir='ltr'><strong>meliori</strong></span> <span class='ocrx_word' id='word_1_283' title='bbox 1844 1806 1963 1875; x_wconf 84' lang='lat' dir='ltr'><strong>jure</strong></span> <span class='ocrx_word' id='word_1_284' title='bbox 1997 1804 2283 1859; x_wconf 72' lang='lat' dir='ltr'><strong>vocandus.</strong></span> <span class='ocrx_word' id='word_1_285' title='bbox 2324 1808 2449 1860; x_wconf 86' lang='lat' dir='ltr'><strong>Non</strong></span> <span class='ocrx_word' id='word_1_286' title='bbox 2488 1822 2633 1862; x_wconf 71' lang='lat' dir='ltr'><strong>satus</strong></span> 
     </span>
     <span class='ocr_line' id='line_1_45' title="bbox 1611 1884 2631 1949; baseline 0.002 -10"><span class='ocrx_word' id='word_1_287' title='bbox 1611 1904 1675 1939; x_wconf 80' lang='lat' dir='ltr'><strong>ex</strong></span> <span class='ocrx_word' id='word_1_288' title='bbox 1718 1884 1923 1939; x_wconf 84' lang='lat' dir='ltr'><strong>Semela</strong></span> <span class='ocrx_word' id='word_1_289' title='bbox 1963 1898 2157 1949; x_wconf 60' lang='lat' dir='ltr'><strong>mnae,</strong></span> <span class='ocrx_word' id='word_1_290' title='bbox 2206 1884 2301 1939; x_wconf 76' lang='lat' dir='ltr'><strong>sed</strong></span> <span class='ocrx_word' id='word_1_291' title='bbox 2356 1906 2423 1939; x_wconf 84' lang='lat' dir='ltr'><strong>ex</strong></span> <span class='ocrx_word' id='word_1_292' title='bbox 2486 1888 2631 1941; x_wconf 68' lang='lat' dir='ltr'><strong>nimi·</strong></span> 
     </span>
     <span class='ocr_line' id='line_1_46' title="bbox 1611 1963 1967 2019; baseline -0.003 -3"><span class='ocrx_word' id='word_1_293' title='bbox 1611 1965 1679 2019; x_wconf 82' lang='lat' dir='ltr'><strong>la.</strong></span> <span class='ocrx_word' id='word_1_294' title='bbox 1716 1989 1739 2010; x_wconf 71' lang='grc' dir='ltr'><strong><em>ι</em></strong></span> <span class='ocrx_word' id='word_1_295' title='bbox 1782 1963 1967 2016; x_wconf 56' lang='lat' dir='ltr'><strong>Haun-</strong></span> 
     </span>
    </p>

    <p class='ocr_par' dir='ltr' id='par_1_12' title="bbox 1610 2042 2627 2193">
     <span class='ocr_line' id='line_1_47' title="bbox 1692 2042 2627 2116; baseline 0.003 -20"><span class='ocrx_word' id='word_1_296' title='bbox 1692 2042 1745 2096; x_wconf 87' lang='lat'><strong>3.</strong></span> <span class='ocrx_word' id='word_1_297' title='bbox 1777 2045 2031 2115; x_wconf 72' lang='lat' dir='ltr'><strong>AEgyptus</strong></span> <span class='ocrx_word' id='word_1_298' title='bbox 2062 2064 2257 2116; x_wconf 76' lang='lat' dir='ltr'><strong>quoque.</strong></span> <span class='ocrx_word' id='word_1_299' title='bbox 2286 2046 2369 2097; x_wconf 87' lang='lat' dir='ltr'><strong>Ex</strong></span> <span class='ocrx_word' id='word_1_300' title='bbox 2396 2044 2627 2111; x_wconf 81' lang='lat' dir='ltr'><strong>hordeo,</strong></span> 
     </span>
     <span class='ocr_line' id='line_1_48' title="bbox 1610 2122 2625 2193; baseline 0.004 -18"><span class='ocrx_word' id='word_1_301' title='bbox 1610 2134 1738 2175; x_wconf 66' lang='lat' dir='ltr'><strong>teste</strong></span> <span class='ocrx_word' id='word_1_302' title='bbox 1766 2122 2013 2175; x_wconf 75' lang='lat' dir='ltr'><strong>Hecataeo</strong></span> <span class='ocrx_word' id='word_1_303' title='bbox 2030 2122 2175 2193; x_wconf 81' lang='lat' dir='ltr'><strong>apud</strong></span> <span class='ocrx_word' id='word_1_304' title='bbox 2208 2125 2403 2177; x_wconf 76' lang='lat' dir='ltr'><strong>Athen.</strong></span> <span class='ocrx_word' id='word_1_305' title='bbox 2428 2126 2523 2178; x_wconf 88' lang='lat' dir='ltr'><strong>lib.</strong></span> <span class='ocrx_word' id='word_1_306' title='bbox 2546 2128 2625 2190; x_wconf 81' lang='lat' dir='ltr'><strong>X,</strong></span> 
     </span>
    </p>

    <p class='ocr_par' dir='ltr' id='par_1_13' title="bbox 1610 2200 2626 2353">
     <span class='ocr_line' id='line_1_49' title="bbox 1610 2200 2626 2276; baseline 0.006 -23.43"><span class='ocrx_word' id='word_1_307' title='bbox 1610 2220 1727 2273; x_wconf 71' lang='lat' dir='ltr'><strong>pag.</strong></span> <span class='ocrx_word' id='word_1_308' title='bbox 1761 2208 1864 2269; x_wconf 75' lang='grc'><strong>447</strong></span> <span class='ocrx_word' id='word_1_309' title='bbox 1886 2240 1901 2267; x_wconf 87' lang='grc'><em>,</em></span> <span class='ocrx_word' id='word_1_310' title='bbox 1920 2213 1971 2253; x_wconf 87' lang='lat' dir='ltr'><strong>et</strong></span> <span class='ocrx_word' id='word_1_311' title='bbox 1984 2200 2516 2276; x_wconf 63' lang='lat' dir='ltr'><strong>HerodotAEuten-pe,</strong></span> <span class='ocrx_word' id='word_1_312' title='bbox 2534 2206 2626 2259; x_wconf 82' lang='lat' dir='ltr'><strong>tib.</strong></span> 
     </span>
     <span class='ocr_line' id='line_1_50' title="bbox 1612 2280 2445 2353; baseline 0.005 -20"><span class='ocrx_word' id='word_1_313' title='bbox 1612 2280 1669 2333; x_wconf 89' lang='lat'><strong>11</strong></span> <span class='ocrx_word' id='word_1_314' title='bbox 1690 2321 1705 2345; x_wconf 90' lang='lat'><em>‚</em></span> <span class='ocrx_word' id='word_1_315' title='bbox 1736 2299 1790 2334; x_wconf 84' lang='lat' dir='ltr'><strong>n.</strong></span> <span class='ocrx_word' id='word_1_316' title='bbox 1818 2301 1890 2353; x_wconf 89' lang='lat'><strong>77</strong></span> <span class='ocrx_word' id='word_1_317' title='bbox 1912 2323 1927 2345; x_wconf 89' lang='lat'><strong>,</strong></span> <span class='ocrx_word' id='word_1_318' title='bbox 1956 2300 2076 2351; x_wconf 72' lang='lat' dir='ltr'><strong>pag.</strong></span> <span class='ocrx_word' id='word_1_319' title='bbox 2106 2283 2231 2335; x_wconf 79' lang='lat'><strong>118.</strong></span> <span class='ocrx_word' id='word_1_320' title='bbox 2261 2284 2445 2337; x_wconf 69' lang='lat' dir='ltr'><strong>Hum.</strong></span> 
     </span>
    </p>

    <p class='ocr_par' dir='ltr' id='par_1_14' title="bbox 1610 2361 2630 2811">
     <span class='ocr_line' id='line_1_51' title="bbox 1694 2361 2630 2431; baseline 0.005 -19"><span class='ocrx_word' id='word_1_321' title='bbox 1694 2366 1745 2423; x_wconf 81' lang='grc'><strong>4.</strong></span> <span class='ocrx_word' id='word_1_322' title='bbox 1779 2362 1855 2413; x_wconf 79' lang='lat' dir='ltr'><strong>Ee</strong></span> <span class='ocrx_word' id='word_1_323' title='bbox 1880 2364 2067 2431; x_wconf 70' lang='lat' dir='ltr'><strong>fruge,</strong></span> <span class='ocrx_word' id='word_1_324' title='bbox 2099 2374 2197 2415; x_wconf 85' lang='lat' dir='ltr'><strong>etc.</strong></span> <span class='ocrx_word' id='word_1_325' title='bbox 2226 2361 2481 2427; x_wconf 83' lang='lat' dir='ltr'><strong>Horde0‚</strong></span> <span class='ocrx_word' id='word_1_326' title='bbox 2504 2363 2630 2417; x_wconf 79' lang='lat' dir='ltr'><strong>triti·</strong></span> 
     </span>
     <span class='ocr_line' id='line_1_52' title="bbox 1610 2440 2625 2511; baseline 0.006 -20"><span class='ocrx_word' id='word_1_327' title='bbox 1610 2456 1673 2491; x_wconf 90' lang='lat' dir='ltr'><strong>co</strong></span> <span class='ocrx_word' id='word_1_328' title='bbox 1690 2477 1707 2502; x_wconf 91' lang='lat'><strong>,</strong></span> <span class='ocrx_word' id='word_1_329' title='bbox 1757 2458 1917 2493; x_wconf 78' lang='lat' dir='ltr'><strong>avena</strong></span> <span class='ocrx_word' id='word_1_330' title='bbox 1940 2477 1955 2497; x_wconf 88' lang='lat'><strong>‚</strong></span> <span class='ocrx_word' id='word_1_331' title='bbox 2006 2440 2172 2511; x_wconf 83' lang='lat' dir='ltr'><strong>olyra.</strong></span> <span class='ocrx_word' id='word_1_332' title='bbox 2245 2442 2522 2495; x_wconf 72' lang='lat' dir='ltr'><strong>Cassianus</strong></span> <span class='ocrx_word' id='word_1_333' title='bbox 2570 2444 2625 2497; x_wconf 85' lang='lat' dir='ltr'><strong>in</strong></span> 
     </span>
     <span class='ocr_line' id='line_1_53' title="bbox 1611 2518 2622 2591; baseline 0.005 -20"><span class='ocrx_word' id='word_1_334' title='bbox 1611 2518 1964 2591; x_wconf 82' lang='lat' dir='ltr'><strong>Geoponicis,</strong></span> <span class='ocrx_word' id='word_1_335' title='bbox 2012 2519 2105 2571; x_wconf 91' lang='lat' dir='ltr'><strong>lib.</strong></span> <span class='ocrx_word' id='word_1_336' title='bbox 2140 2520 2250 2585; x_wconf 79' lang='lat' dir='ltr'><strong>vl,</strong></span> <span class='ocrx_word' id='word_1_337' title='bbox 2290 2540 2351 2573; x_wconf 85' lang='lat' dir='ltr'><strong>ex</strong></span> <span class='ocrx_word' id='word_1_338' title='bbox 2382 2524 2622 2576; x_wconf 78' lang='lat' dir='ltr'><strong>Leontio.</strong></span> 
     </span>
     <span class='ocr_line' id='line_1_54' title="bbox 1612 2598 2622 2673; baseline 0.005 -23"><span class='ocrx_word' id='word_1_339' title='bbox 1612 2598 1825 2650; x_wconf 89' lang='lat' dir='ltr'><strong>Colum.</strong></span> <span class='ocrx_word' id='word_1_340' title='bbox 1858 2625 1880 2646; x_wconf 78' lang='grc' dir='ltr'>ι</span> <span class='ocrx_word' id='word_1_341' title='bbox 1900 2599 1975 2651; x_wconf 90' lang='lat' dir='ltr'><strong>Ut</strong></span> <span class='ocrx_word' id='word_1_342' title='bbox 1998 2598 2250 2651; x_wconf 78' lang='lat' dir='ltr'><strong>Pelusiaci</strong></span> <span class='ocrx_word' id='word_1_343' title='bbox 2272 2603 2501 2670; x_wconf 83' lang='lat' dir='ltr'><strong>proritet</strong></span> <span class='ocrx_word' id='word_1_344' title='bbox 2534 2622 2622 2673; x_wconf 87' lang='lat' dir='ltr'><strong>po·</strong></span> 
     </span>
     <span class='ocr_line' id='line_1_55' title="bbox 1614 2676 2626 2751; baseline 0.006 -22"><span class='ocrx_word' id='word_1_345' title='bbox 1614 2676 1729 2729; x_wconf 82' lang='lat' dir='ltr'><strong>cula</strong></span> <span class='ocrx_word' id='word_1_346' title='bbox 1748 2678 1911 2749; x_wconf 74' lang='lat' dir='ltr'><strong>zythi.</strong></span> <span class='ocrx_word' id='word_1_347' title='bbox 1938 2704 1959 2725; x_wconf 76' lang='grc' dir='ltr'><strong>ι-</strong></span> <span class='ocrx_word' id='word_1_348' title='bbox 1986 2676 2127 2730; x_wconf 79' lang='lat' dir='ltr'><strong>vide</strong></span> <span class='ocrx_word' id='word_1_349' title='bbox 2148 2678 2285 2731; x_wconf 79' lang='lat' dir='ltr'><strong>iufra</strong></span> <span class='ocrx_word' id='word_1_350' title='bbox 2312 2680 2433 2734; x_wconf 87' lang='lat' dir='ltr'><strong>loco</strong></span> <span class='ocrx_word' id='word_1_351' title='bbox 2457 2682 2626 2751; x_wconf 79' lang='lat' dir='ltr'><strong>proxi-</strong></span> 
     </span>
     <span class='ocr_line' id='line_1_56' title="bbox 1618 2755 2124 2811; baseline 0.008 -4"><span class='ocrx_word' id='word_1_352' title='bbox 1618 2774 1702 2808; x_wconf 83' lang='lat' dir='ltr'><strong>me</strong></span> <span class='ocrx_word' id='word_1_353' title='bbox 1723 2757 1897 2811; x_wconf 87' lang='lat' dir='ltr'><strong>citat0.</strong></span> <span class='ocrx_word' id='word_1_354' title='bbox 1922 2755 2124 2811; x_wconf 56' lang='lat' dir='ltr'><strong>Danae.</strong></span> 
     </span>
    </p>

    <p class='ocr_par' dir='ltr' id='par_1_15' title="bbox 1611 2836 2623 4009">
     <span class='ocr_line' id='line_1_57' title="bbox 1696 2836 2621 2908; baseline -0.001 -20"><span class='ocrx_word' id='word_1_355' title='bbox 1696 2839 1748 2888; x_wconf 82' lang='lat'><strong>5.</strong></span> <span class='ocrx_word' id='word_1_356' title='bbox 1776 2838 1923 2908; x_wconf 81' lang='lat' dir='ltr'><strong>Aqua</strong></span> <span class='ocrx_word' id='word_1_357' title='bbox 1948 2857 2128 2907; x_wconf 76' lang='lat' dir='ltr'><strong>quoque</strong></span> <span class='ocrx_word' id='word_1_358' title='bbox 2153 2836 2424 2894; x_wconf 74' lang='lat' dir='ltr'><strong>inebriaret.</strong></span> <span class='ocrx_word' id='word_1_359' title='bbox 2450 2840 2621 2895; x_wconf 76' lang='lat' dir='ltr'><strong>Natio·</strong></span> 
     </span>
     <span class='ocr_line' id='line_1_58' title="bbox 1611 2916 2623 2989; baseline 0.008 -24"><span class='ocrx_word' id='word_1_360' title='bbox 1611 2933 1703 2967; x_wconf 83' lang='lat' dir='ltr'><strong>nes</strong></span> <span class='ocrx_word' id='word_1_361' title='bbox 1725 2917 1921 2987; x_wconf 79' lang='lat' dir='ltr'><strong>quibus</strong></span> <span class='ocrx_word' id='word_1_362' title='bbox 1946 2916 2217 2969; x_wconf 83' lang='lat' dir='ltr'><strong>familiaris</strong></span> <span class='ocrx_word' id='word_1_363' title='bbox 2238 2930 2315 2970; x_wconf 85' lang='lat' dir='ltr'><strong>est</strong></span> <span class='ocrx_word' id='word_1_364' title='bbox 2330 2932 2487 2988; x_wconf 80' lang='lat' dir='ltr'><strong>potus</strong></span> <span class='ocrx_word' id='word_1_365' title='bbox 2501 2922 2623 2989; x_wconf 79' lang='lat' dir='ltr'><strong>ejus·</strong></span> 
     </span>
     <span class='ocr_line' id='line_1_59' title="bbox 1614 2992 2623 3061; baseline 0.006 -16"><span class='ocrx_word' id='word_1_366' title='bbox 1614 2992 1757 3047; x_wconf 87' lang='lat' dir='ltr'><strong>modi</strong></span> <span class='ocrx_word' id='word_1_367' title='bbox 1774 3034 1789 3061; x_wconf 88' lang='lat'><strong>,</strong></span> <span class='ocrx_word' id='word_1_368' title='bbox 1804 2994 1896 3047; x_wconf 91' lang='lat' dir='ltr'><strong>illo</strong></span> <span class='ocrx_word' id='word_1_369' title='bbox 1917 2995 2168 3047; x_wconf 83' lang='lat' dir='ltr'><strong>inebriari</strong></span> <span class='ocrx_word' id='word_1_370' title='bbox 2189 3009 2443 3050; x_wconf 79' lang='lat' dir='ltr'><strong>testantur</strong></span> <span class='ocrx_word' id='word_1_371' title='bbox 2464 3000 2623 3051; x_wconf 91' lang='lat' dir='ltr'><strong>Leon·</strong></span> 
     </span>
     <span class='ocr_line' id='line_1_60' title="bbox 1614 3072 2619 3146; baseline 0.006 -21"><span class='ocrx_word' id='word_1_372' title='bbox 1614 3074 1716 3126; x_wconf 87' lang='lat' dir='ltr'><strong>tius</strong></span> <span class='ocrx_word' id='word_1_373' title='bbox 1730 3072 1878 3145; x_wconf 82' lang='lat' dir='ltr'><strong>apud</strong></span> <span class='ocrx_word' id='word_1_374' title='bbox 1892 3074 2197 3127; x_wconf 77' lang='lat' dir='ltr'><strong>Cassianum</strong></span> <span class='ocrx_word' id='word_1_375' title='bbox 2209 3075 2263 3126; x_wconf 89' lang='lat' dir='ltr'><strong>in</strong></span> <span class='ocrx_word' id='word_1_376' title='bbox 2281 3076 2619 3146; x_wconf 76' lang='lat' dir='ltr'><strong>Geoponicis3</strong></span> 
     </span>
     <span class='ocr_line' id='line_1_61' title="bbox 1614 3152 2619 3225; baseline 0.005 -21"><span class='ocrx_word' id='word_1_377' title='bbox 1614 3152 1981 3217; x_wconf 79' lang='lat' dir='ltr'><strong>Dioscorides,</strong></span> <span class='ocrx_word' id='word_1_378' title='bbox 2020 3155 2115 3225; x_wconf 87' lang='lat' dir='ltr'><strong>qui</strong></span> <span class='ocrx_word' id='word_1_379' title='bbox 2154 3154 2318 3224; x_wconf 77' lang='lat' dir='ltr'><strong>zytho</strong></span> <span class='ocrx_word' id='word_1_380' title='bbox 2356 3169 2413 3208; x_wconf 88' lang='lat' dir='ltr'><strong>et</strong></span> <span class='ocrx_word' id='word_1_381' title='bbox 2462 3158 2619 3211; x_wconf 71' lang='lat' dir='ltr'><strong>cut-mi</strong></span> 
     </span>
     <span class='ocr_line' id='line_1_62' title="bbox 1613 3232 2623 3305; baseline 0.006 -21"><span class='ocrx_word' id='word_1_382' title='bbox 1613 3232 1888 3285; x_wconf 85' lang='lat' dir='ltr'><strong>cerebrum</strong></span> <span class='ocrx_word' id='word_1_383' title='bbox 1905 3234 2120 3299; x_wconf 78' lang='lat' dir='ltr'><strong>tentari,</strong></span> <span class='ocrx_word' id='word_1_384' title='bbox 2141 3234 2463 3305; x_wconf 81' lang='lat' dir='ltr'><strong>excitarique</strong></span> <span class='ocrx_word' id='word_1_385' title='bbox 2488 3235 2623 3289; x_wconf 86' lang='lat' dir='ltr'><strong>dolo·</strong></span> 
     </span>
     <span class='ocr_line' id='line_1_63' title="bbox 1614 3310 2618 3381; baseline 0.005 -18"><span class='ocrx_word' id='word_1_386' title='bbox 1614 3331 1726 3365; x_wconf 84' lang='lat' dir='ltr'><strong>rem</strong></span> <span class='ocrx_word' id='word_1_387' title='bbox 1746 3312 1932 3381; x_wconf 86' lang='lat' dir='ltr'><strong>capitis</strong></span> <span class='ocrx_word' id='word_1_388' title='bbox 1953 3310 2060 3377; x_wconf 85' lang='lat' dir='ltr'><strong>ait;</strong></span> <span class='ocrx_word' id='word_1_389' title='bbox 2089 3313 2229 3365; x_wconf 89' lang='lat' dir='ltr'><strong>Dion</strong></span> <span class='ocrx_word' id='word_1_390' title='bbox 2255 3312 2618 3379; x_wconf 79' lang='lat' dir='ltr'><strong>Academicus,</strong></span> 
     </span>
     <span class='ocr_line' id='line_1_64' title="bbox 1614 3390 2623 3463; baseline 0.006 -22"><span class='ocrx_word' id='word_1_391' title='bbox 1614 3391 1706 3461; x_wconf 87' lang='lat' dir='ltr'><strong>qui</strong></span> <span class='ocrx_word' id='word_1_392' title='bbox 1729 3390 2003 3463; x_wconf 74' lang='lat' dir='ltr'><strong>AEgyptios</strong></span> <span class='ocrx_word' id='word_1_393' title='bbox 2020 3390 2317 3445; x_wconf 81' lang='lat' dir='ltr'><strong>hordeaceo</strong></span> <span class='ocrx_word' id='word_1_394' title='bbox 2339 3407 2471 3463; x_wconf 83' lang='lat' dir='ltr'><strong>potu</strong></span> <span class='ocrx_word' id='word_1_395' title='bbox 2488 3394 2623 3447; x_wconf 86' lang='lat' dir='ltr'><strong>exbi-</strong></span> 
     </span>
     <span class='ocr_line' id='line_1_65' title="bbox 1614 3470 2619 3535; baseline 0.005 -13"><span class='ocrx_word' id='word_1_396' title='bbox 1614 3470 1824 3535; x_wconf 83' lang='lat' dir='ltr'><strong>laratos,</strong></span> <span class='ocrx_word' id='word_1_397' title='bbox 1844 3483 2051 3523; x_wconf 88' lang='lat' dir='ltr'><strong>cantare</strong></span> <span class='ocrx_word' id='word_1_398' title='bbox 2078 3484 2129 3523; x_wconf 87' lang='lat' dir='ltr'><strong>et·</strong></span> <span class='ocrx_word' id='word_1_399' title='bbox 2161 3470 2348 3524; x_wconf 84' lang='lat' dir='ltr'><strong>saltare</strong></span> <span class='ocrx_word' id='word_1_400' title='bbox 2376 3475 2619 3527; x_wconf 88' lang='lat' dir='ltr'><strong>temulen-</strong></span> 
     </span>
     <span class='ocr_line' id='line_1_66' title="bbox 1618 3549 2618 3613; baseline 0.004 -11"><span class='ocrx_word' id='word_1_401' title='bbox 1618 3562 1699 3602; x_wconf 80' lang='lat' dir='ltr'><strong>tos</strong></span> <span class='ocrx_word' id='word_1_402' title='bbox 1743 3549 1957 3613; x_wconf 61' lang='lat' dir='ltr'><strong>sex-ibin</strong></span> <span class='ocrx_word' id='word_1_403' title='bbox 2003 3549 2161 3603; x_wconf 81' lang='lat' dir='ltr'><strong>Arist.</strong></span> <span class='ocrx_word' id='word_1_404' title='bbox 2196 3549 2290 3603; x_wconf 89' lang='lat' dir='ltr'><strong>lib.</strong></span> <span class='ocrx_word' id='word_1_405' title='bbox 2344 3550 2411 3603; x_wconf 93' lang='lat' dir='ltr'><strong>de</strong></span> <span class='ocrx_word' id='word_1_406' title='bbox 2462 3566 2618 3606; x_wconf 87' lang='lat' dir='ltr'><strong>temu-</strong></span> 
     </span>
     <span class='ocr_line' id='line_1_67' title="bbox 1618 3628 2619 3702; baseline 0.006 -23"><span class='ocrx_word' id='word_1_407' title='bbox 1618 3628 1805 3695; x_wconf 81' lang='lat' dir='ltr'><strong>lentia,</strong></span> <span class='ocrx_word' id='word_1_408' title='bbox 1857 3630 1947 3701; x_wconf 87' lang='lat' dir='ltr'><strong>qui</strong></span> <span class='ocrx_word' id='word_1_409' title='bbox 1978 3629 2194 3693; x_wconf 80' lang='lat' dir='ltr'><strong>scribit,</strong></span> <span class='ocrx_word' id='word_1_410' title='bbox 2230 3630 2390 3702; x_wconf 81' lang='lat' dir='ltr'><strong>zytho</strong></span> <span class='ocrx_word' id='word_1_411' title='bbox 2430 3634 2619 3698; x_wconf 78' lang='lat' dir='ltr'><strong>ebrios,</strong></span> 
     </span>
     <span class='ocr_line' id='line_1_68' title="bbox 1614 3706 2621 3783; baseline 0.004 -22"><span class='ocrx_word' id='word_1_412' title='bbox 1614 3710 1865 3781; x_wconf 75' lang='lat' dir='ltr'><strong>quoniam</strong></span> <span class='ocrx_word' id='word_1_413' title='bbox 1889 3706 1946 3761; x_wconf 84' lang='lat' dir='ltr'><strong>id</strong></span> <span class='ocrx_word' id='word_1_414' title='bbox 1976 3708 2209 3780; x_wconf 82' lang='lat' dir='ltr'><strong>potionis</strong></span> <span class='ocrx_word' id='word_1_415' title='bbox 2236 3728 2405 3781; x_wconf 83' lang='lat' dir='ltr'><strong>genus</strong></span> <span class='ocrx_word' id='word_1_416' title='bbox 2429 3731 2621 3783; x_wconf 75' lang='grc' dir='ltr'>καρωτι-</span> 
     </span>
     <span class='ocr_line' id='line_1_69' title="bbox 1612 3786 2619 3859; baseline 0.004 -19"><span class='ocrx_word' id='word_1_417' title='bbox 1612 3789 1692 3840; x_wconf 71' lang='grc' dir='ltr'><strong>κὸν</strong></span> <span class='ocrx_word' id='word_1_418' title='bbox 1713 3800 1791 3839; x_wconf 81' lang='lat' dir='ltr'><strong>est</strong></span> <span class='ocrx_word' id='word_1_419' title='bbox 1808 3827 1821 3852; x_wconf 92' lang='lat'><strong>,</strong></span> <span class='ocrx_word' id='word_1_420' title='bbox 1847 3790 1903 3840; x_wconf 87' lang='lat' dir='ltr'><strong>in</strong></span> <span class='ocrx_word' id='word_1_421' title='bbox 1930 3786 2148 3841; x_wconf 75' lang='lat' dir='ltr'><strong>dorsum</strong></span> <span class='ocrx_word' id='word_1_422' title='bbox 2179 3788 2397 3859; x_wconf 75' lang='lat' dir='ltr'><strong>supinos</strong></span> <span class='ocrx_word' id='word_1_423' title='bbox 2418 3790 2619 3855; x_wconf 78' lang='lat' dir='ltr'><strong>cadere,</strong></span> 
     </span>
     <span class='ocr_line' id='line_1_70' title="bbox 1611 3866 2619 3940; baseline 0.003 -20"><span class='ocrx_word' id='word_1_424' title='bbox 1611 3885 1673 3920; x_wconf 77' lang='lat' dir='ltr'><strong>ac</strong></span> <span class='ocrx_word' id='word_1_425' title='bbox 1706 3866 1984 3931; x_wconf 79' lang='lat' dir='ltr'><strong>reclinari,</strong></span> <span class='ocrx_word' id='word_1_426' title='bbox 2024 3869 2201 3939; x_wconf 76' lang='grc' dir='ltr'>μόγους</span> <span class='ocrx_word' id='word_1_427' title='bbox 2236 3876 2306 3939; x_wconf 76' lang='grc' dir='ltr'><strong>τῷ</strong></span> <span class='ocrx_word' id='word_1_428' title='bbox 2344 3870 2454 3939; x_wconf 77' lang='grc' dir='ltr'>οἴνῳ</span> <span class='ocrx_word' id='word_1_429' title='bbox 2494 3876 2619 3940; x_wconf 74' lang='grc' dir='ltr'>μεθυ-</span> 
     </span>
     <span class='ocr_line' id='line_1_71' title="bbox 1612 3945 2620 4009; baseline 0.006 -12"><span class='ocrx_word' id='word_1_430' title='bbox 1612 3948 1814 4009; x_wconf 71' lang='grc' dir='ltr'><strong>σθέντας</strong></span> <span class='ocrx_word' id='word_1_431' title='bbox 1839 3948 1907 4008; x_wconf 76' lang='grc' dir='ltr'><strong>εἰς</strong></span> <span class='ocrx_word' id='word_1_432' title='bbox 1925 3948 2145 4001; x_wconf 74' lang='grc' dir='ltr'><strong>τούπίσω</strong></span> <span class='ocrx_word' id='word_1_433' title='bbox 2186 3945 2270 3999; x_wconf 71' lang='grc' dir='ltr'><strong>καὶ</strong></span> <span class='ocrx_word' id='word_1_434' title='bbox 2310 3947 2513 4009; x_wconf 72' lang='grc' dir='ltr'>ὑπτίους</span> <span class='ocrx_word' id='word_1_435' title='bbox 2534 3952 2620 4003; x_wconf 73' lang='grc' dir='ltr'><strong>κλί-</strong></span> 
     </span>
    </p>
   </div>
  </div>
 </body>
</html>
