2850 4684
1039 422 1351 491 LIBER
1404 418 2376 505 XV1.485

252 552 354 621 Ut
402 562 703 680 εει-31111115
752 548 1081 618 fateatur.
1137 549 1297 621 alias
1354 566 1554 621 testes
1593 548 1686 619 nil
1728 564 2024 645 prosunt.
2085 554 2176 620 Ut
2221 552 2384 620 civis

254 641 521 726 fuerit¹³
548 680 567 722 :
620 640 929 723 auxilia¹⁴
941 706 962 738 ,
1006 658 1307 750 quamvis
1348 682 1508 753 rege
1553 671 1854 745 servato,
1897 657 2098 725 decus
2139 654 2208 725 id
2250 682 2385 726 non

252 762 439 831 dant.
490 763 635 831 Nec
694 762 936 831 crescit
985 761 1215 833 honos*
1262 763 1436 832 idem
1503 765 1902 858 imperatore
1953 776 2387 847 conservato,

256 868 571 961 quoniam
611 864 1031 937 conditores¹
1012 854 1060 893 ¹⁵
1104 870 1173 937 in
1214 894 1635 964 quocumque
1685 870 1830 939 cive
1877 892 2206 937 summum
2247 892 2388 937 esse

262 972 553 1043 voluere.
586 977 883 1067 Accepta
914 970 1067 1043 licet
1100 976 1199 1043 uti
1224 990 1564 1069 perpetuo.
1593 974 1822 1045 Ludos
1847 975 2098 1043 ineunti
2129 996 2390 1069 semper
2425 984 2458 1035 3

258 1080 561 1173 assurgi,
620 1080 817 1149 etiam
866 1078 951 1148 ab
1008 1094 1271 1165 senatu,
1326 1083 1396 1149 in
1435 1066 1620 1151 more
1657 1095 1779 1151 est.
1837 1079 2120 1150 Sedendi
2161 1080 2272 1173 jus
2321 1082 2390 1148 in

260 1186 569 1279 proximo
606 1186 881 1255 senatui.
928 1187 1207 1255 Vacatio
1251 1210 1602 1273 munerum
1639 1188 1936 1256 omnium
1981 1188 2140 1281 ipsi,
2188 1188 2388 1279 patri·

260 1315 429 1385 que,
496 1304 565 1359 et
604 1315 731 1361 avo
771 1304 1073 1386 paterno.
1124 1292 1648 1381 Quatuordecim
1689 1316 1800 1363 eas
1837 1292 2092 1386 accepit
2141 1293 2389 1361 Siccius
2499 1340 2507 1353 ·

262 1398 633 1479 Dentatus,
674 1410 749 1465 ut
790 1384 1196 1467 retulimus¹⁶
1224 1422 1345 1469 suo
1386 1397 1586 1468 loco·
1633 1424 1746 1468 sex
1789 1394 2234 1493 Capitolinus¹
2242 1397 2286 1465 7.
2323 1400 2389 1467 Is

262 1502 529 1597 quidem
566 1516 635 1571 et
665 1501 747 1571 de
776 1502 945 1571 duce
972 1501 1271 1573 Servilio.
1301 1490 1718 1574 Africanus¹⁸
1757 1504 1842 1574 de
1876 1518 2064 1599 patre
2092 1505 2392 1595 accipere

262 1606 479 1678 noluit
499 1607 679 1703 apud
703 1606 1075 1677 Trebiam¹⁹
1076 1610 1197 1677 ‚0
1232 1634 1454 1679 mores
1487 1624 1800 1697 aeternos,
1836 1610 1949 1703 qui
1978 1622 2160 1677 tanta
2189 1634 2391 1703 opera

264 1714 522 1783 honore
562 1712 705 1785 solo
744 1714 1181 1785 donaverint:
1226 1729 1294 1784 et
1326 1739 1534 1809 quum
1577 1712 1862 1809 reliquas
1903 1738 2188 1784 coronas
2225 1737 2390 1783 auro

264 1820 812 1891 commendarent
834 1872 856 1906 ,
912 1818 1191 1889 salutem
1242 1822 1407 1890 civis
1449 1822 1518 1890 in
1571 1823 1786 1916 pretio
1834 1844 1974 1890 esse
2021 1818 2389 1889 noluerint:

263 1924 445 1997 clare
478 1924 756 2019 professi
780 1923 855 2011 ²⁰,
876 1950 963 1995 ne
992 1926 1239 1995 servari
1274 1925 1540 2021 quidem
1569 1926 1908 1997 hominem
1935 1924 2034 1996 fas
2057 1950 2198 1995 esse
2227 1924 2392 1995 lueri

264 2054 483 2103 causa.

382 2140 493 2207 vl.
535 2126 685 2230 (V.)
744 2136 1037 2209 Glandes
1082 2138 1281 2234 opes¹
1326 2164 1470 2209 esse
1509 2164 1688 2209 nunc
1735 2162 2000 2234 quoque
2037 2135 2392 2207 multarum
2437 2174 2456 2203 ι

268 2285 632 2374 pugnantibus
674 2301 893 2354 retineri
940 2320 1048 2355 uon
1104 2302 1287 2373 quive·

268 2382 359 2435 rit.
394 2406 417 2427 ι
454 2382 635 2433 Eun.

358 2458 447 2514 13.
480 2460 550 2513 Ut
578 2462 692 2513 civis
709 2460 878 2529 suerit.
915 2458 1023 2525 Qui
1058 2472 1289 2517 servatus

272 2539 433 2595 fuerit
451 2578 468 2605 ‚
502 2539 595 2611 qui
620 2557 877 2593 coronam
909 2537 1133 2593 dederit.
1163 2540 1287 2595 Gel-

270 2620 375 2673 lius
390 2619 431 2673 l.
453 2637 501 2672 c.
529 2646 550 2667 ι
564 2618 743 2673 Civica
762 2636 957 2671 corona
974 2620 1289 2690 appellatur,

270 2716 433 2770 quam
454 2698 582 2752 civis
602 2698 738 2764 civi,
760 2716 789 2751 a
810 2716 920 2769 quo
932 2712 1163 2751 servatus
1183 2710 1259 2751 est
1275 2738 1291 2764 ,

272 2778 328 2830 in
354 2776 541 2848 prelio
583 2788 769 2830 testem
813 2778 961 2843 vitm,

270 2868 536 2929 percepto
566 2854 677 2911 dat.
709 2883 731 2904 ι
768 2855 951 2909 Haut).

364 2942 451 3000 14.
482 2936 706 2989 Auxilia.
738 2936 908 2988 Parm.
935 2934 1148 2988 auxiliis.
1188 2934 1291 2987 En.

275 3046 359 3057 —
398 3016 623 3069 Auxilia.
668 3014 1019 3085 prerogativa
1070 3015 1184 3068 hauc
1217 3026 1295 3067 est

274 3094 500 3148 civitatis
538 3112 787 3148 rom-un.
816 3094 972 3147 Miles
994 3092 1296 3160 auxiliaris,

275 3185 371 3227 aut
404 3174 757 3228 mercenarius
776 3213 793 3235 .
839 3174 1038 3226 nullam
1090 3184 1293 3244 partem

276 3252 437 3311 habet
462 3252 681 3324 hujusce
706 3252 874 3307 laudis
890 3291 906 3313 ,
933 3266 986 3307 et
998 3253 1196 3325 glorio.
1222 3251 1292 3305 H.

364 3350 387 3385 1
402 3332 453 3386 5.
477 3332 777 3386 Conditor-es.
800 3332 952 3405 Legis
972 3344 1211 3386 auctores
1227 3330 1296 3384 de

276 3430 474 3465 corona
507 3412 673 3467 civica
702 3410 894 3465 danda.
924 3414 1101 3466 Han.

366 3495 452 3545 16.
490 3490 559 3543 Ue
584 3490 988 3545 retulae'mus.-Lib.
1016 3492 1152 3556 vn,
1175 3508 1292 3562 cap.

282 3588 373 3639 ²9·
396 3570 575 3623 Haut).

1006 2776 1291 2848 salutisque

366 3666 450 3719 ¹7·
480 3648 797 3719 Capitolinus.
814 3650 891 3703 M.
906 3649 1137 3702 Manlius
1157 3690 1173 3716 ,
1196 3666 1299 3703 ser·

277 3728 391 3782 vati
408 3727 660 3798 Capitolii
695 3726 891 3781 decore
926 3728 1191 3799 inclytus,
1245 3741 1299 3781 et

278 3808 353 3861 ob
370 3804 424 3858 id
444 3806 729 3877 Capitolini
744 3824 1040 3879 cognomen
1054 3807 1267 3859 sortitus
1284 3826 1298 3860 ε

280 3904 353 3939 ex
388 3886 483 3937 ino
518 3886 665 3957 ipso,
712 3886 861 3959 quod
898 3898 1095 3939 tutatus
1144 3898 1255 3939 erat
1281 3924 1297 3951 ,

278 3964 514 4035 Tarpeio
534 3982 659 4018 saxo
676 3964 909 4035 dejectus
929 4004 946 4031 ,
988 3984 1109 4017 ann.
1136 3966 1205 4017 U.
1233 3964 1296 4019 C.

286 4044 415 4113 370.
445 4044 660 4109 Livius,
700 4044 796 4098 lib.
837 4046 953 4111 vl,
986 4063 1103 4116 pag.
1158 4063 1179 4097 1
1200 4062 1263 4098 1²
1284 4083 1301 4107 ,

1373 2303 1564 2357 civicas
1585 2314 1708 2356 octo
1733 2302 1880 2355 hunc
1902 2302 2139 2356 retulisse
2161 2302 2262 2367 ait,
2289 2320 2397 2355 ser·
2423 2332 2434 2341 -

1374 2394 1520 2435 vatos
1551 2401 1612 2435 ex
1631 2382 1868 2435 hostibus
1888 2382 2029 2435 cives
2051 2380 2364 2453 produxisse
2377 2421 2393 2445 ,

1372 2462 1515 2518 iuter
1557 2480 1694 2535 quos
1745 2462 2027 2513 Servilium
2083 2462 2395 2531 magistrum

1374 2540 1612 2611 equitum
1694 2540 1960 2592 absentem
2039 2540 2392 2592 nominatum.

1374 2616 1519 2672 'Vide
1546 2636 1663 2691 quo
1689 2616 1916 2670 diximus
1953 2614 2045 2669 lib.
2079 2618 2189 2670 VII
2216 2655 2231 2681 ,
2277 2636 2393 2689 cap.

1382 2719 1409 2752 ο
1418 2718 1472 2766 9.
1497 2698 1680 2751 Hiar).

1466 2778 1552 2829 18.
1581 2778 1864 2841 Africanus,
1895 2774 2076 2845 Scipio
2115 2772 2396 2827 Africanus

1378 2856 1592 2921 minor,
1631 2855 1722 2927 qui
1776 2852 2148 2924 Carthaginem
2213 2862 2394 2923 postea

1378 2934 1830 3005 Numantiamque
1854 2931 2064 2985 delevit.
2093 2928 2236 2983 Vide
2273 2930 2396 2983 Flo-

1377 3033 1500 3081 rum
1517 3055 1530 3079 ,
1561 3014 1653 3067 lib.
1683 3014 1766 3079 11,
1787 3031 1906 3083 cap.
1932 3014 1966 3064 6
1988 3051 2004 3077 ,
2037 3030 2157 3083 pag.
2185 3014 2272 3065 60.
2298 3010 2366 3062 Η.

1465 3112 1549 3163 ¹9·
1579 3092 1732 3163 Apud
1755 3092 1990 3159 Trebiam.
2018 3090 2082 3144 Id
2102 3090 2308 3143 facinus
2327 3086 2395 3143 ad

1376 3172 1626 3227 Trebiam
1654 3190 1869 3244 quoque
1899 3170 2176 3243 contigisse
2209 3168 2395 3239 Poiyh.

1379 3252 1540 3305 refert
1561 3250 1656 3305 lib.
1679 3252 1802 3303 XV.
1831 3251 2050 3316 Florus,
2089 3273 2110 3294 ι
2135 3248 2396 3324 ἣκει-Ῥε-

1378 3330 1508 3384 dum
1539 3344 1593 3383 et
1609 3330 1878 3385 Ticinum.
1903 3356 1925 3377 ι
1955 3330 2093 3383 Item
2114 3327 2236 3381 val.
2256 3328 2395 3381 Max.

1380 3410 1477 3464 lib.
1494 3411 1565 3475 V,
1587 3428 1702 3481 cap.
1723 3416 1756 3474 4
1778 3447 1796 3474 ,
1836 3422 1889 3463 et
1915 3410 2106 3463 Seneca
2129 3406 2196 3461 de
2215 3407 2396 3459 Beues.

1378 3490 1474 3543 lib.
1489 3490 1599 3554 111,
1619 3508 1735 3562 cap.
1756 3488 1845 3541 33.
1875 3488 2058 3541 Ilum.
2485 3536 2502 3545 ,

1467 3589 1554 3621 20.
1569 3568 1939 3641 Clanprosessi,
1952 3580 2050 3620 etc.
2065 3567 2152 3623 sie
2166 3583 2226 3619 ex
2241 3563 2396 3619 MSS.

1384 3668 1490 3702 em.
1507 3645 1670 3702 Har-d.
1689 3666 1834 3701 cons.
1855 3646 2027 3700 Turn.
2055 3659 2107 3699 et
2135 3644 2234 3699 Ch.
2263 3646 2398 3695 clara

1382 3728 1676 3797 pmfissione
1713 3730 1894 3779 servari
1934 3724 2120 3799 quidem
2171 3724 2400 3776 hommem

1389 3810 1526 3874 nefas
1546 3827 1644 3858 esse
1661 3808 1699 3860 l.
1723 3829 1765 3860 c.
1797 3806 1892 3860 Gr.
1925 3818 1980 3857 et
2005 3804 2096 3857 Al.
2122 3804 2225 3855 En.

1469 3888 1566 3939 vl.
1611 3904 1656 3937 1.
1697 3884 1915 3941 Glandes
1937 3904 2078 3953 opes,
2101 3895 2198 3935 etc.
2228 3880 2403 3933 Theo·

1388 3966 1664 4036 phrastus,
1693 3966 1829 4020 nist.
1861 3964 1951 4017 lib.
1979 3963 2091 4027 111,
2136 3980 2253 4031 cap.
2289 3978 2322 4027 9
2351 3970 2412 4016 et

1394 4064 1481 4097 ιο.
1505 4046 1706 4103 Dine.
2023 4116 2066 4188 3
2124 4104 2147 4143 3

2085 4142 2108 4189 Ι
