2850 4684
1024 376 1084 444 I
1095 378 1340 445 IBER
1393 378 2359 453 xv1.625

237 503 550 600 populus.
609 508 866 579 Caetera
911 508 1138 575 omnia
1177 507 1489 577 inferiora
1546 506 2011 601 pandantur-⁷.
2062 508 2279 602 palma
2329 538 2366 581 c
2404 539 2434 572 α

237 612 577 681 contrario
607 597 1042 680 fornicatimffi
1067 614 1268 681 Pinus
1298 627 1365 682 et
1391 636 1745 707 cupressus
1772 613 2087 683 adversus
2122 618 2365 687 cariem

237 720 586 811 tineasque
640 716 1046 787 firmissimas.
1105 719 1320 787 Facile
1384 718 1713 812 pandatur
1770 718 2123 813 juglans,
2060 719 2121 762 9·
2196 722 2367 791 fiunt

240 825 424 891 enim
450 836 518 891 et
545 848 628 891 ex
653 846 732 890 ea
765 822 1002 893 trabes.
1019 826 1262 918 Frangi
1286 849 1356 893 sc
1374 826 1783 918 praenunciat
1800 826 2165 920 strepitum:
2187 829 2369 921 quod

241 930 316 997 in
361 926 764 997 Antandro¹¹
807 928 1084 1017 accidit,
1129 954 1334 1023 quum
1373 955 1410 998 e
1446 928 1694 999 balneis
1744 933 1953 999 territi
1994 956 2158 1001 sono
2202 959 2367 1028 pro-

239 1034 578 1128 fugerunt.
617 1035 852 1121 Pinus,
887 1037 1120 1129 piceae,
1148 1033 1278 1104 alni
1315 1035 1400 1104 ad
1435 1058 1755 1129 aquarum
1798 1036 2045 1105 ductus
2066 1038 2137 1106 in
2174 1040 2369 1109 tubos

241 1154 587 1210 cavantur.
618 1140 895 1209 Obrutae
924 1155 1096 1210 terra
1128 1140 1424 1236 plurimis
1482 1141 1725 1210 durant
1774 1144 1986 1213 annis.
2022 1144 2286 1213 Eaedcm
2318 1148 2371 1215 si

243 1272 384 1316 uon
433 1247 848 1340 integantur,
885 1250 1020 1316 cito
1056 1260 1450 1333 senescunt3
1510 1248 1752 1316 mirum
1798 1249 1867 1317 in
1902 1250 2176 1318 modum
2228 1251 2369 1320 for·—

245 1354 490 1437 tiores,
524 1354 577 1421 si
612 1351 857 1421 humor
891 1368 1073 1421 extra
1107 1378 1370 1448 quoque
1404 1355 1705 1448 supersit.

358 1460 705 1526 LXXXII.
743 1460 1194 1527 Firmissima
1177 1484 1246 1527 in
1277 1474 1531 1529 rectum
1566 1457 1805 1528 abies¹.
1848 1460 2099 1530 Eadem
2139 1460 2364 1531 valva·
2416 1494 2435 1529 ι

245 1589 398 1632 rum
441 1560 806 1657 repagulis²
812 1618 832 1650 ,
876 1578 944 1633 et
975 1562 1058 1633 ad
1089 1589 1519 1660 quaecumque
1561 1564 1762 1635 libeat
1800 1552 2141 1637 intestina³
2172 1593 2373 1662 opera

243 1728 350 1765 nec
379 1711 580 1763 Plinius
598 1723 741 1764 certe
763 1710 956 1764 dixerit
973 1748 987 1775 ,
1013 1728 1112 1763 nec
1137 1709 1270 1781 quid

243 1789 386 1844 illud
403 1791 470 1843 sit
495 1788 708 1842 demum
722 1826 737 1851 ,
749 1790 994 1863 OEdipus
1017 1790 1132 1861 ipse
1149 1809 1270 1843 sane

245 1869 582 1923 intellexerit.
613 1866 794 1922 Haut».

335 1966 390 2019 7.
430 1948 736 2000 Pandaneur.
794 1948 1098 2001 Cui-vantur
1117 1988 1132 2014 ,
1185 1966 1272 2001 ce-

251 2028 500 2100 dumque
538 2027 777 2097 ponderi.
812 2027 1014 2080 Plinius
1037 2028 1134 2080 lib.
1157 2029 1236 2080 xl
1255 2070 1270 2093 ,

259 2126 329 2161 10
347 2146 364 2171 ,
395 2107 462 2160 de
485 2108 701 2177 apibus,
737 2130 758 2151 ι
783 2108 1042 2177 Totaque
1071 2118 1273 2161 onustae

247 2200 489 2241 remeant
521 2186 722 2241 sarcina
762 2185 1022 2257 pandatae.
1061 2212 1083 2233 ι
1121 2188 1190 2240 Η.

338 2270 394 2321 8.
425 2266 744 2319 For-uicatim.
785 2266 1026 2319 Fornicis
1065 2268 1119 2319 in
1157 2286 1273 2319 mo-

250 2366 370 2400 rem
403 2362 611 2398 sursum
639 2364 822 2399 versus
857 2360 1125 2399 curvatur.
1167 2346 1273 2398 Pli-

249 2427 378 2479 nius
403 2426 497 2478 lib.
543 2426 650 2486 IX,
699 2445 816 2496 cap.
851 2440 956 2477 102
995 2450 1016 2471 ι
1045 2426 1275 2478 Ruentes

251 2518 402 2559 ceras
416 2505 644 2557 fulciunt
657 2544 672 2567 ,
687 2504 918 2574 pilarum
942 2503 1277 2574 intergerinis

254 2602 288 2639 a
311 2584 424 2637 solo
448 2584 732 2636 fornicatis.
763 2608 786 2630 ι
813 2582 879 2633 Et
889 2585 1158 2648 jin-tricatio
1179 2584 1272 2634 Vi·

253 2664 434 2717 truvio
462 2674 585 2715 nota
617 2676 670 2715 et
695 2664 904 2717 Senecae
921 2680 1024 2714 vox
1051 2673 1143 2713 est.
1167 2661 1235 2713 Η.

341 2762 394 2811 9.
422 2744 650 2812 Inflant.
670 2740 877 2797 Εὑέοΐκὴ
900 2742 1073 2809 καρύα..
1101 2740 1280 2794 Casta-

253 2842 360 2875 nea
381 2861 398 2886 ,
437 2821 686 2893 Theoph.
721 2821 916 2873 Histor.
945 2820 1036 2872 lib.
1057 2818 1110 2871 V
1129 2838 1278 2889 ,cap.

263 2920 296 2972 7
317 2941 332 2967 ,
371 2902 464 2972 qui
492 2902 636 2954 illam
667 2900 840 2953 sonitu
873 2918 929 2953 se
959 2898 1128 2969 frangi
1152 2918 1283 2969 prae-

257 2982 511 3035 nuntiare
547 2980 764 3051 quidem
793 2979 1004 3043 scribit,
1044 2976 1134 3031 sed
1171 2996 1282 3031 non

259 3061 416 3113 facile
441 3058 668 3132 pandari
689 3098 706 3123 ,
755 3056 898 3131 quod
945 3059 1016 3113 ait
1061 3056 1284 3111 Plinius.

261 3140 469 3193 Dum.
481 3170 560 3182 ——
584 3138 814 3209 lugiens.
827 3140 876 3193 N
881 3157 954 3191 on
969 3136 1280 3210 juglandem

260 3220 540 3289 Theophr.
569 3217 662 3271 sed
690 3234 982 3273 castaneam
1015 3216 1182 3282 dixit,
1215 3215 1286 3269 de

263 3300 462 3371 quibus
482 3301 591 3368 jam
617 3300 804 3369 sapius
832 3298 1050 3369 egimus.
1075 3298 1178 3350 En.

353 3396 440 3431 ιο.
517 3376 748 3447 Sto-epita.
829 3376 1079 3447 Crepitu,
1131 3376 1286 3447 ψόφῳ.

264 3456 539 3527 Theophr.
567 3456 701 3509 Hist.
731 3457 826 3509 lib.
848 3458 920 3519 V,
947 3474 1062 3525 cap.
1096 3476 1149 3527 7.
1173 3450 1245 3508 H.

359 3538 536 3589 11.1n
560 3537 838 3590 Antandro.
851 3536 1148 3606 Theophr.
1177 3535 1212 3586 l.
1238 3553 1286 3587 c.

267 3614 340 3667 de
366 3626 618 3668 castaneae
647 3618 888 3677 materie,
917 3616 1287 3685 trabibusque,

269 3690 598 3758 utdiximus,
619 3714 728 3747 non
746 3692 1027 3765 juglandis.
1049 3695 1112 3745 In
1132 3692 1287 3748 MSS.

273 3777 326 3825 in
349 3774 540 3827 Andro.
567 3776 638 3827 At
663 3773 1012 3845 Theophrast.
1034 3774 1080 3824 ἐν
1105 3764 1293 3825 Ᾰντοῖν-

271 3848 396 3923 δρῳ.
429 3850 610 3907 Ham).

355 3932 631 3984 Lxxxn.
652 3950 675 3985 ι
687 3972 700 3985 .
721 3931 1020 3985 Feb-unissima
1038 3930 1108 3981 ad
1119 3941 1292 3983 tectum

275 4012 438 4077 abies,
467 4024 570 4065 etc.
603 4012 683 4066 Eo
716 4012 834 4065 loco
859 4010 985 4065 libri
1015 4010 1288 4063 scribunt:

429 4110 508 4177 V.

1366 1737 1388 1761 ι
1428 1711 1737 1765 firmissima·
1788 1711 1844 1765 in
1894 1725 2100 1766 rectum
2144 1714 2317 1779 abies,
2348 1742 2373 1765 ι

1357 1811 1475 1863 quoe
1510 1790 1776 1843 verissima
1806 1790 2003 1857 lecti03
2026 1791 2379 1848 firmissimam

1357 1872 1431 1924 ait
1459 1890 1567 1923 esse
1589 1870 1813 1923 abietem
1845 1872 1899 1924 in
1923 1870 2191 1943 operibus,
2208 1892 2379 1943 quum

1357 1963 1499 2003 recta
1531 1950 1799 2004 statuitur.
1828 1950 1888 2003 In
1915 1964 2120 2015 rectum,
2141 1954 2206 2013 εἰς
2226 1954 2375 2023 ὀρθόν.

1357 2026 1425 2082 Et
1446 2028 1718 2081 sciendum
1740 2044 1814 2081 est
1833 2030 2101 2081 intestinum
2116 2051 2231 2101 opus
2254 2049 2381 2105 pro·
2428 2067 2435 2074 -

1358 2110 1473 2179 prie
1498 2106 1637 2174 dici,
1677 2107 1829 2178 quod
1859 2127 1923 2161 ex
1956 2110 2103 2181 ligno
2143 2110 2238 2176 fit,
2284 2108 2379 2164 'sed

1359 2188 1676 2260 elegantiore
1697 2186 1895 2241 fabrica
1908 2226 1925 2253 ,
1943 2201 1995 2242 et
2012 2208 2072 2241 ea
2091 2204 2203 2243 arte
2220 2209 2379 2261 quam

1361 2268 1717 2321 minutiariam
1743 2286 1885 2321 nunc
1912 2268 2253 2339 appellamus.
2277 2270 2383 2321 Ve-

1357 2361 1494 2400 teres
1541 2366 1754 2419 quoque
1799 2348 2119 2419 ).επτουργία.ν
2182 2346 2380 2403 dixere.

1361 2426 1643 2497 &cluentia
1670 2424 1743 2477 sie
1773 2428 1889 2497 lege
1916 2444 1929 2479 :
1972 2452 1993 2474 α
2033 2426 2117 2479 Ad
2141 2428 2384 2481 incitatos

1361 2506 1705 2557 runcinarum
1724 2518 1887 2557 actus.
1912 2504 2111 2557 Eadem
2135 2519 2188 2559 et
2218 2506 2383 2560 fabris

1362 2581 1590 2636 maxime
1616 2582 1881 2635 sociabilis
1910 2582 2139 2652 glutino.
2162 2608 2183 2631 ι
2211 2585 2383 2638 Sana.

1363 2694 1441 2704 —-
1468 2662 1760 2713 Firmissitua
1800 2666 1850 2713 ae'n
1890 2674 2083 2714 rectum.
2130 2662 2186 2714 Si
2240 2676 2385 2716 rectu

1361 2730 1640 2795 statuatur.
1680 2740 1759 2792 Ita
1786 2738 1967 2792 Chim.
2012 2738 2214 2805 codex,
2266 2732 2384 2794 alii-

1366 2840 1471 2892 que
1513 2814 1883 2890 probatissimi.
1927 2821 1996 2871 At
2036 2818 2157 2871 libri
2202 2838 2389 2873 omnes

1365 2899 1521 2960 editi,
1558 2897 1840 2969 firmissima
1866 2896 1939 2949 ad
1974 2909 2162 2949 tectum.
2206 2898 2389 2952 Minus

1365 2992 1508 3032 certe
1536 2978 1753 3031 sincere.
1784 2976 1918 3029 Nam
1949 2976 2222 3046 Theophr.
2252 2978 2388 3031 nist.

1367 3058 1464 3110 lib.
1490 3060 1563 3122 V,
1590 3076 1703 3128 cap.
1732 3076 1803 3127 7,
1830 3056 1992 3110 ficum
2020 3054 2249 3109 validam
2277 3068 2389 3111 esse

1369 3136 1524 3203 dicit,
1555 3152 1721 3209 quum
1751 3150 1889 3189 recta
1919 3137 2198 3201 statuitur-3
2226 3138 2393 3209 magis

1369 3236 1499 3270 vero
1554 3214 1826 3269 abietem.
1874 3207 2070 3287 Ῐσχυρον
2100 3210 2159 3269 δί
2201 3222 2257 3269 τὸ
2300 3223 2390 3278 τῆς

1370 3299 1561 3360 συκῆς,
1601 3296 1727 3351 πλὴν
1769 3296 1835 3355 εἰς
1878 3296 2027 3366 apos-0-
2069 3297 2102 3353 ἡ
2154 3292 2212 3348 δὲ
2240 3297 2389 3353 nitu

1371 3378 1490 3447 μέλι
1492 3395 1583 3437 ea,
1616 3374 1678 3435 ως
1706 3374 1855 3428 εἰπεῖν
1865 3416 1879 3437 ,
1904 3374 2115 3445 ἰσχυρόν·
2146 3374 2325 3429 Hann.

1458 3474 1509 3509 2.
1541 3454 1596 3505 V
1590 3454 1804 3505 alvarum
1838 3456 2096 3524 repagulis.
2140 3455 2204 3505 In
2238 3454 2391 3509 MSS.

1375 3534 1652 3589 omnibus,
1684 3534 1938 3585 valvarum
1963 3535 2161 3603 paginis
2192 3554 2212 3585 .·
2248 3532 2396 3587 baud

1373 3611 1683 3685 poenitenda
1697 3613 1925 3665 lectione
1948 3631 1961 3665 :
1978 3610 2231 3665 videntur
2253 3614 2398 3667 enim

1375 3694 1582 3765 pagine
1607 3691 1874 3744 valvarum
1903 3692 2159 3763 appellari
2180 3710 2403 3761 asseres,

1376 3773 1572 3844 quibus
1622 3771 1747 3841 ipsae
1801 3772 2216 3843 compinguntur
2237 3810 2255 3837 ,
2310 3792 2401 3825 co-

1381 3862 1885 3923 agmentanturque,
1919 3869 1977 3904 ac
1996 3850 2159 3903 veluti
2180 3865 2400 3923 ,compa-

1381 3932 1632 4003 ginantur
1652 3931 1832 3983 valvae.
1858 3929 2046 3982 Haut).

1466 4010 1519 4063 3.
1554 4011 1803 4064 Intestina.
1834 4010 1913 4063 De
1934 4009 2017 4063 his
2040 4028 2159 4079 cap.
2184 4012 2275 4079 76.
2304 4008 2371 4064 11.

2024 4109 2119 4189 40
