2850 4684
994 335 1566 407 Excunsns
1615 337 1670 406 1.
2254 331 2394 430 657

510 473 647 531 ow&
676 476 771 548 γὰρ
794 473 903 530 οὐδ”
931 477 1125 539 &utilene
1164 476 1444 550 ὄριμαλίδις
1470 501 1483 515 ·
1509 481 1561 532 αἱ
1585 479 1672 550 μὲν
1701 481 1861 548 {gevre

508 560 703 612 Διπτὸν
745 558 844 610 ἀπὸ
869 556 1051 628 aspirato
1089 561 1335 630 λεπύρων,
1370 561 1420 612 αἱ
1449 555 1508 613 δὲ
1542 561 1764 630 μιλιχραί
1793 554 1889 620 (1).

268 673 558 746 speciatim
590 673 665 726 sic
708 671 866 726 dicto
906 672 1109 726 fructus
1152 673 1318 744 πρίνου
1350 693 1461 728 non
1490 673 1742 740 comedi,
1784 671 1878 727 sed
1906 672 2216 726 varietatum
2242 672 2407 739 ilicis,

270 766 493 806 testatur
518 752 781 806 Dillenius
793 743 897 814 (a).
927 751 1068 804 Hinc
1099 755 1217 823 jure
1242 751 1462 826 quidem
1504 753 1740 808 Galenus
1761 772 1870 806 non
1899 753 2130 806 multum
2155 753 2406 808 interesse

272 833 489 886 virtutis
517 831 657 885 inter
685 830 903 903 glandes
929 831 1203 902 vulgares,
1240 835 1444 895 ἀκύλους
1483 847 1537 886 et
1577 847 1865 898 castaneas,
1901 831 2054 886 docet
2077 821 2180 900 (3).

352 911 515 964 Plinii
558 912 719 964 verba
765 909 835 966 de
880 909 1016 964 ilicis
1042 908 1246 982 duplici
1279 913 1456 983 specie
1491 913 1754 984 insignem
1784 923 2108 984 pepererunt
2137 911 2409 964 confusio·

270 1009 397 1044 nem
416 1028 433 1055 ,
462 1009 629 1062 quum
667 1009 782 1043 eam
816 991 1043 1062 speciem
1059 1029 1077 1056 ,
1119 1009 1239 1062 qun
1278 991 1505 1064 spinosis
1547 993 1689 1046 foliis
1738 991 2020 1062 insignitur
2041 1023 2060 1052 ‚
2099 991 2406 1062 Aquifoliam

272 1069 538 1142 appellet,
567 1081 901 1124 commutans
922 1069 1060 1124 hanc
1091 1088 1319 1142 quercus
1349 1071 1580 1142 speciem
1625 1090 1753 1124 cum
1781 1071 2061 1124 arbuscula
2103 1083 2192 1122 sut
2222 1070 2409 1124 frutice

274 1149 437 1220 longe
462 1149 670 1214 alieno,
698 1149 828 1201 Ilice
868 1149 1121 1202 nimirum
1152 1151 1407 1222 Aquola'o
1428 1145 1509 1215 (4)
1526 1189 1542 1216 ,
1570 1170 1687 1223 quaa
1722 1148 1936 1222 quidem
1967 1147 2216 1222 glandem
2243 1148 2412 1203 haud·

274 1247 540 1300 quaquam
569 1228 700 1293 fert,
749 1227 843 1282 sed
874 1228 1075 1282 baccas.
1110 1227 1177 1282 Id
1206 1228 1490 1283 discrimen
1521 1229 1728 1302 primus
1773 1229 1982 1282 monuit
2011 1228 2266 1282 Lobelius
2292 1219 2409 1299 (5);

275 1321 437 1380 atque
471 1307 983 1378 septemtrionalibus
1008 1309 1317 1362 familiarem
1346 1327 1457 1362 esse
1503 1309 1812 1381 regionibus
1853 1307 2168 1380 aquifolium
2189 1347 2206 1374 ,
2236 1308 2410 1362 ilicem

276 1406 407 1441 vero
428 1427 444 1454 ,
466 1405 585 1458 qun
615 1387 811 1460 species
836 1405 1060 1458 quercus
1092 1387 1187 1454 sit,
1216 1389 1468 1442 australes
1502 1401 1708 1442 tantum
1735 1387 1976 1458 regiones
2015 1405 2210 1442 amare.
2262 1385 2412 1440 Idem

278 1467 559 1520 confirmat
610 1466 921 1530 Salmasius,
957 1485 1153 1519 nomen
1189 1467 1461 1540 aquifolii,
1509 1487 1604 1522 seu
1647 1466 1860 1522 acufolii
1907 1465 2154 1522 derivans
2193 1467 2262 1519 ab
2303 1467 2410 1530 ὀξυ-

276 1547 478 1618 φὺλλῳς
520 1545 749 1599 ostendit
784 1563 1027 1618 quoque,
1064 1545 1200 1598 male
1229 1545 1466 1600 Plinium
1502 1549 1764 1619 ιρατσιιγὸν
1804 1545 2158 1620 Theophrasti
2189 1546 2294 1599 alio
2331 1545 2414 1600 lo·

277 1644 347 1678 eo
375 1622 503 1688 (lib.
542 1625 787 1689 xxvn,
812 1643 927 1696 cap.
964 1615 1033 1694 8)
1070 1626 1320 1698 aquifolia
1346 1624 1606 1680 reddere:
1635 1625 1910 1680 audiverat
1933 1626 2072 1680 forte
2093 1623 2380 1696 proconsul
2397 1663 2414 1690 ,

278 1705 375 1776 qui
408 1718 645 1758 veterum
669 1704 985 1758 Graecorum
1028 1717 1371 1759 monumenta
1414 1706 1514 1758 sibi
1547 1706 1760 1778 prolegi
1804 1707 2056 1775 jusserat,
2095 1705 2414 1775 κραταίγονον

276 1783 635 1856 Theophrasti
663 1801 772 1837 esse
792 1783 1046 1856 graminis
1072 1784 1301 1855 speciem
1327 1783 1396 1839 ad
1417 1783 1637 1839 flumina
1668 1782 2024 1839 abundantem
2044 1780 2416 1854 (Polygonum

278 1863 555 1916 Persicae-ia
572 1861 608 1926 ).
638 1861 945 1917 Similitudo
973 1863 1152 1935 itaque
1179 1863 1412 1917 nominis
1439 1866 1612 1936 ipsum
1652 1863 1881 1918 irretivit
1897 1900 1915 1925 ,
1961 1876 2023 1918 ut
2047 1863 2254 1937 plantas
2281 1860 2416 1916 adeo

282 1943 562 1997 dissimiles
588 1945 947 2015 conjungeret.

362 2022 659 2076 varietates
686 2023 824 2076 ilicis
853 2021 1189 2093 potissimum
1218 2019 1349 2076 duaa
1378 2019 1632 2075 describit
1644 2021 2312 2093 Theophrastus‚quarum
2342 2020 2418 2074 al-

282 2116 452 2155 teram
478 2103 699 2172 σμίλακα
715 2141 730 2167 ,
756 2102 971 2156 alteram
1000 2097 1254 2172 φιλλόὸρυν
1278 2101 1537 2154 nominat.
1564 2099 1804 2155 Smilacis
1824 2101 2042 2155 nomine
2068 2099 2252 2153 venire
2275 2097 2420 2171 apud

282 2181 521 2236 Arcadas
552 2183 799 2236 arborem
826 2181 936 2234 ilici
962 2181 1187 2236 similem
1205 2222 1220 2247 ,
1252 2179 1345 2234 sed
1372 2180 1638 2246 molliori,
1665 2179 1940 2253 integriori
2096 2180 2242 2252 ‘sque
2271 2179 2420 2234 vario

284 2261 416 2314 folio
442 2262 751 2314 instructam
777 2285 791 2326 ;
818 2261 1091 2315 materiem
1130 2279 1239 2314 non
1274 2259 1498 2314 solidam
1527 2279 1663 2326 esse,
1686 2258 1780 2314 sed
1805 2199 2130 2330 mollem)
2152 2278 2168 2326 3
2194 2257 2422 2330 ideoque

282 2341 555 2394 Pausania
588 2341 767 2411 σμίλαξ
785 2379 800 2401 ,
830 2359 895 2392 ex
922 2359 1027 2412 qua
1062 2340 1341 2394 simulacra
1370 2339 1596 2394 deorum
1625 2341 1865 2394 confecta
1901 2357 2014 2393 esse
2057 2351 2279 2394 testatur
2301 2329 2423 2409 (7),

286 2418 435 2474 aliud
457 2437 625 2491 genus
664 2418 797 2488 ligni
828 2437 937 2471 esse
976 2417 1150 2473 debet.
1184 2421 1305 2474 Non
1352 2419 1466 2472 sine
1505 2423 1631 2493 jure
1661 2419 1942 2474 Salmasius
1963 2410 2049 2488 (8)
2101 2431 2280 2472 taxum
2311 2435 2422 2472 esse

286 2499 487 2562 credit,
528 2497 585 2551 in
614 2515 723 2568 quo
752 2496 999 2567 equidem
1034 2496 1137 2569 ipsi
1173 2497 1474 2562 consentio,
1501 2516 1669 2569 quum
1696 2511 1876 2560 taxus,
1903 2515 2024 2568 quo
2061 2495 2422 2567 Theophrasti

288 2593 342 2633 et
370 2577 626 2632 Nicandri
664 2575 992 2647 temporibus
1018 2577 1157 2646 μίλου
1186 2587 1277 2628 aut
1320 2576 1496 2647 σμίλου
1535 2575 1756 2629 nomine
1797 2575 2213 2646 insigniebatur,
2239 2587 2422 2648 postea

290 2659 527 2730 σμίλακος
558 2655 917 2728 appellatione
944 2653 1204 2718 ferretur,
1237 2666 1530 2726 notumque
1557 2653 1624 2708 sit
1659 2667 1714 2707 et
1745 2655 1939 2708 nostris
1986 2653 2318 2725 temporibus
2353 2653 2422 2706 li·

290 2757 459 2810 gnum
476 2777 490 2801 ,
506 2738 579 2790 ob
606 2736 871 2806 insignem
892 2734 1226 2798 firmitatem,
1249 2733 1315 2788 ad
1346 2735 1490 2787 varia
1517 2731 1801 2788 domestica
1823 2733 2066 2787 utensilia
2093 2729 2423 2786 conficienda

290 2817 537 2872 adhiberi
549 2811 651 2885 (9).
682 2814 1039 2886 Theophrasti
1079 2831 1208 2866 vero
1244 2813 1428 2884 σμίλιξ
1457 2811 1642 2867 eadem
1687 2825 1766 2866 est
1779 2851 1796 2880 ‚
1841 2830 2002 2885 quam
2045 2811 2256 2865 Plinius
2293 2829 2420 2865 cum

293 2897 424 2951 oleis
453 2908 749 2966 comparat,
773 2894 908 2948 ilicis
942 2893 1156 2964 species.
1410 2931 1419 2940 .

374 2972 640 3046 Φιλλόδρυς
683 2975 799 3047 ipsa
840 2972 1196 3045 Theophrasti
1238 2973 1485 3042 ἀιίφυλλος
1534 2983 1644 3034 est,
1683 2983 1736 3024 et
1779 2968 2017 3024 medium
2063 2969 2242 3024 locum
2287 2970 2426 3024 inter

294 3056 470 3108 ilicem
505 3069 559 3109 et
587 3073 841 3127 quercum
871 3053 1141 3116 obtinere,
1162 3068 1193 3105 a
1229 3049 1546 3122 quibusdam
1576 3069 1788 3123 quoque
1808 3090 1823 3112 ,
1854 3062 2122 3122 tamquam
2151 3049 2324 3104 ilicem
2348 3049 2425 3102 fe-

298 3135 527 3201 minam,
560 3135 679 3188 loco
703 3135 867 3206 hujus
889 3131 1129 3188 adbiberi
1170 3129 1387 3186 dicitur.
1416 3127 1700 3184 Dorienses
1727 3129 1994 3202 appellare
2020 3129 2192 3202 ipsam
2219 3129 2424 3202 ἀγρίανς

351 3341 420 3400 (ι)
453 3337 583 3392 ΜΝ,
608 3353 651 3384 v.
667 3345 745 3400 94,
762 3337 925 3400 951:st
946 3335 1230 3383 Solu-ebern-
1249 3335 1311 3381 ad
1330 3335 1377 3382 h.
1399 3351 1445 3380 v.
1465 3335 1517 3382 in
1535 3333 1646 3382 edit.
1663 3332 1876 3382 Harlesii.

360 3414 431 3474 (a)
462 3412 599 3459 Reise
624 3412 771 3458 durch
793 3411 1019 3473 Spania,
1048 3411 1134 3456 Th.
1152 3410 1228 3464 11,
1257 3409 1303 3456 S.
1333 3409 1439 3469 307.

360 3493 433 3554 (3)
464 3493 625 3539 Galen.
660 3484 771 3555 περὶ
798 3486 969 3555 οὐχυμ.
1000 3484 1085 3537 καὶ
1120 3501 1361 3552 amma..
1402 3503 1450 3550 p.
1475 3487 1580 3536 35⁵.

362 3566 433 3628 (4)
464 3565 569 3613 Lib.
597 3566 724 3622 xvl,
742 3581 783 3610 c.
801 3562 845 3610 6.

361 3641 433 3702 (5)
467 3641 708 3687 Adversar.
730 3655 779 3701 p.
797 3637 905 3693 430.

358 3715 428 3777 (6)
457 3715 759 3775 Theophrast.
786 3712 901 3758 mat.
922 3713 1071 3773 plant.
1096 3711 1177 3760 lib.
1210 3712 1302 3765 111,
1334 3726 1377 3758 c.
1404 3725 1458 3770 17
1478 3742 1491 3763 ‚
1515 3722 1624 3770 pag.
1642 3707 1718 3764 64.

362 3792 435 3852 (7)
466 3789 567 3836 m».
587 3789 726 3842 vm,
750 3803 793 3832 e.
818 3802 887 3846 17,
916 3801 969 3848 p.
986 3795 1091 3844 4⁰0·

362 3861 435 3924 (8)
465 3862 584 3910 Plin.
608 3860 799 3908 exercit.
824 3875 875 3922 p.
895 3859 999 3919 733.

363 3940 435 4000 (9)
470 3939 545 3983 Du
578 3935 701 3984 aor-
722 3933 1035 3982 Earbks'sche
1056 3932 1197 3980 wilde
1224 3933 1536 3984 Baumaucht.
1557 3929 1640 3978 Tb.
1660 3931 1706 3976 11
1719 3963 1734 3982 .
1749 3927 1800 3976 S.
1817 3929 1926 3986 454.

454 4029 535 4092 V.
2051 4019 2142 4100 [ια
