2850 4684
984 401 1305 472 LIBER
1359 345 1566 474 X1.V.
2179 415 2328 510 289

185 535 339 601 duo
363 555 611 625 genera
638 531 1095 624 magnitudine
1124 535 1295 602 acini
1324 534 1813 623 discernuntur,
1841 538 2078 632 quibus
2113 561 2320 616 mate-

186 640 327 708 ries
370 637 695 732 plurima,
740 661 998 730 uvaque
1058 637 1203 708 ollis
1244 639 1586 710 utilissima
1601 628 1682 724 ⁴⁴,
1721 641 1950 712 folium
1992 637 2204 741 apio⁴⁵
2240 655 2330 721 si-

188 743 373 813 mile.
391 727 790 812 Basilicam⁴⁶
810 744 1207 834 Dyrrachini
1240 744 1605 834 celebrant,
1637 749 1965 842 Hispaniae
1984 753 2330 828 cocolobin

192 864 463 918 vocant.
508 849 751 917 Rarior
788 872 917 928 uva
940 901 959 935 ‚
1002 865 1195 919 aestus
1238 865 1629 946 austrosque
1661 853 1933 939 tolerat3
1974 861 2172 952 capiti
2209 861 2329 932 ini-

188 959 373 1024 mica
392 943 484 1042 ⁴⁷,
544 955 739 1049 copia
774 953 975 1047 larga.
1013 957 1343 1050 Hispaniae
1388 957 1522 1025 duo
1567 957 1986 1054 genera‘ejus
2031 963 2324 1039 faciunt:

188 1085 419 1129 unum.
450 1059 745 1154 oblongo
784 1062 1009 1146 acino,
1058 1059 1335 1130 alterum
1380 1063 1715 1132 rotundo:
1753 1069 2144 1140 novissimas
2187 1075 2328 1142 vin-

187 1165 509 1235 demiant.
538 1167 695 1253 Quo
719 1163 975 1234 dulcior
1005 1165 1368 1252 cocolobis‚
1395 1167 1528 1238 hoc
1549 1168 1799 1240 melior.
1823 1173 1950 1241 Sed
1975 1189 2042 1243 et
2069 1193 2328 1249 austera
2365 1211 2398 1262 9

184 1273 427 1340 transit
452 1273 522 1339 in
551 1270 811 1340 dulcem
841 1285 1166 1341 vetustate
1186 1257 1274 1359 ⁴⁸3
1311 1288 1381 1342 et·
1399 1299 1544 1367 quae
1573 1274 1785 1345 dulcis
1818 1277 1974 1362 fuit,
2007 1282 2074 1348 in
2111 1299 2324 1355 auste-

186 1378 491 1446 ritatem:
521 1390 683 1444 tunc
710 1375 1039 1444 Albanum
1059 1379 1287 1446 vinum
1321 1379 1735 1449 aemulantur.
1765 1384 2067 1455 Tradunt
2091 1392 2328 1460 vesicae

188 1485 363 1552 vitiis
390 1481 811 1552 utilissimum
848 1507 928 1550 ex
958 1483 1061 1552 his
1104 1498 1357 1576 potum.
1396 1473 1752 1556 Albuelis⁴⁹
1779 1492 2049 1578 summis
2076 1495 2324 1564 arbori·

188 1587 314 1656 bus
347 1585 629 1656 fertilior
665 1600 795 1672 est,
836 1586 1069 1656 Visula
1110 1589 1279 1656 imis.
1334 1591 1796 1676 Quamobrem
1840 1597 2020 1664 circa
2061 1599 2322 1669 easdem

188 1707 343 1762 satae
376 1693 761 1761 diversitate
786 1705 1037 1761 naturae
1072 1691 1497 1787 locupletant.
1527 1697 1954 1766 Inerticulam
1972 1687 2022 1724 ⁵⁰
2051 1727 2088 1770 e
2119 1706 2323 1798 nigris

188 1797 642 1892 appellavere,
664 1797 902 1889 justius
942 1797 1231 1866 sobriam
1268 1798 1551 1882 dicturi,
1588 1802 1955 1873 inveterato
1994 1811 2322 1904 praecipue

188 1901 783 1974 commendabilem
836 1903 993 1970 vino
1026 1953 1045 1988 ,
1104 1903 1217 1971 sed
1267 1903 1520 1972 viribus
1559 1905 1938 1997 innoxiam3
1995 1914 2320 2006 siquidem

189 2008 641 2078 temulentiam
680 2006 817 2076 sola
862 2032 1001 2076 non
1038 2009 1217 2079 facit.
1651 2032 1658 2040 ’

186 2254 407 2313 utroque
432 2241 699 2296 nimirum
725 2239 888 2294 modo
911 2240 1134 2296 diversis
1150 2243 1206 2296 in
1293 2243 1494 2296 natensi
1540 2261 1707 2313 regno
1746 2248 2106 2318 copiosissima
2122 2291 2138 2318 ,
2184 2265 2314 2310 teate

185 2321 457 2374 codicibus
495 2322 708 2392 legitur.
748 2321 1041 2375 Columella
1081 2323 1117 2376 l.
1156 2341 1203 2377 c.
1292 2323 1499 2376 Christ.
1522 2340 1553 2374 a
1580 2323 1754 2394 Vego,
1801 2327 1859 2380 in
1899 2329 2051 2382 libris
2089 2330 2158 2384 de
2193 2336 2310 2390 Art.

192 2425 213 2446 ι
239 2400 383 2454 Sicut
404 2401 595 2454 Pretiae
627 2391 859 2471 (nempe
885 2390 1049 2468 vites)
1092 2421 1201 2454 ma·
1290 2400 1434 2454 Med.
1463 2400 1644 2455 Hunn.

182 2479 266 2548 jor
286 2481 565 2544 etminor,
590 2497 709 2550 quae
722 2480 1071 2551 generositate
1092 2481 1201 2533 vini
1372 2487 1465 2550 47.
1499 2481 1666 2553 Capiti
1697 2485 1903 2538 inimica.
1951 2487 2082 2538 Tale
2123 2491 2309 2545 vinum

182 2557 628 2612 commendantur
656 2592 673 2618 ,
728 2573 783 2612 et
840 2559 1202 2632 frequentibus
1290 2570 1369 2611 est
1412 2577 1476 2611 ex
1519 2579 1581 2613 ea
1625 2579 1862 2631 pressum
1886 2595 1904 2623 ‚
1930 2565 2076 2632 quod
2122 2568 2308 2624 Mons-

180 2639 409 2692 mnteriis
431 2636 715 2702 frondent,
760 2649 859 2691 etc.
898 2665 921 2686 2
957 2639 1202 2691 Meminit
1289 2639 1554 2706 pessulani
1579 2651 1772 2693 vocant
1787 2643 2102 2710 piquatdant.
2135 2645 2274 2701 Du..

180 2717 301 2769 vitis
320 2719 543 2785 hujusce
564 2717 719 2788 Virg.
759 2717 955 2789 Georg.
982 2719 1075 2770 lib.
1110 2719 1197 2782 11,

180 2799 337 2865 7-952
351 2821 374 2842 ι
393 2795 702 2867 Purpurea,
714 2799 1025 2868 preciaeque.
1046 2795 1068 2842 ὲ
1090 2797 1197 2850 Has

178 2893 209 2926 a
222 2875 523 2928 maturitate
536 2875 685 2946 quasi
697 2895 999 2948 praeooquas
1014 2877 1195 2946 appel·

178 2952 277 3006 lari
302 2954 545 3017 Servius,
580 2966 641 3006 nt
666 2956 825 3020 solet,
844 2954 1065 3009 divinat.
1084 2955 1151 3008 H.

258 3040 352 3098 44.
378 3034 509 3088 Oltis
522 3035 793 3087 utilissima.
814 3037 951 3105 Apta
968 3035 1195 3086 maxime

178 3111 233 3162 in
258 3113 381 3166 ouis
416 3113 645 3179 servari,
682 3125 741 3166 nt
780 3113 1086 3179 Venucula,
1124 3111 1193 3168 de

182 3209 279 3260 qua
304 3211 435 3246 mox
462 3190 722 3248 dicemus.
752 3193 938 3259 Celso,
980 3192 1189 3258 lib.*11‚

180 3289 292 3340 cap.
314 3277 387 3334 24
420 3291 433 3322 :
463 3298 489 3319 ι
518 3272 649 3324 Uvae
662 3289 728 3324 ex
753 3268 875 3325 olla.¹
906 3298 927 3318 ι
961 3268 1149 3324 Ihm).

257 3349 349 3412 45.
370 3351 563 3402 Folium
581 3354 709 3421 apio.
730 3350 979 3403 Dissectis
995 3369 1187 3422 nempe

179 3427 276 3480 alte
302 3429 471 3494 foliis,
499 3429 681 3500 quales
696 3429 1023 3482 Vesontione
1051 3429 1189 3482 vidit

178 3506 469 3572 Banhinns,
484 3509 653 3580 Heu-b.
678 3509 927 3562 Univers.
958 3521 1086 3560 tom.
1101 3510 1156 3561 ΙΙ
1172 3545 1189 3572 ,

176 3583 265 3638 lib.
284 3585 413 3650 XV,
434 3605 553 3660 pag.
572 3588 643 3640 33
660 3627 677 3652 ,
700 3589 851 3658 cujus
865 3602 979 3640 uvae
995 3587 1188 3642 similes

176 3663 233 3716 iis
288 3683 419 3736 qun
454 3666 733 3736 Bnrgundi
783 3677 979 3719 vocant
1016 3670 1188 3718 misius

174 3743 389 3798 rendam.
410 3743 591 3800 Han.

246 3825 337 3886 46.
366 3825 649 3877 Butam.
680 3824 893 3879 Colum.
912 3824 1027 3886 111,
1048 3843 1096 3877 c.
1126 3841 1183 3876 ²:

179 3925 201 3948 ι
226 3903 517 3958 Basilicam.
540 3944 555 3958 .
577 3945 590 3958 .
606 3944 621 3957 .
644 3903 975 3958 cocolubem
1001 3914 1191 3956 vocant

174 3978 413 4052 Hispani,
446 3996 550 4036 etc.
579 4010 603 4030 n
648 3981 929 4052 Hodieque
966 3983 1021 4034 in
1053 3983 1189 4036 Gra·

326 4093 409 4160 V.

1368 2719 1462 2780 48.
1493 2719 1760 2770 Vetustate.
1786 2720 1902 2771 Dal.
1925 2733 2223 2778 vetustatem.

1365 2803 1462 2864 49.
1501 2797 1739 2850 Albanus.
1771 2799 1980 2852 Colum.
2013 2801 2120 2862 111,
2151 2821 2197 2856 c.
2231 2823 2302 2858 a:

1290 2899 1313 2921 ι
1336 2875 1574 2928 Albuelis
1599 2875 1782 2928 utilior
1797 2917 1812 2940 ,
1845 2891 1902 2929 ut
1915 2878 1987 2930 ait
2009 2880 2222 2947 Celsus,
2243 2884 2300 2938 in

1282 2954 1417 3006 colle
1439 2994 1456 3018 ,
1481 2973 1642 3024 quam
1667 2955 1724 3006 in
1746 2973 1933 3026 campo
1957 2975 1971 3009 ε
2001 2956 2058 3010 in
2079 2961 2299 3029 arbore,

1281 3050 1442 3103 quam
1469 3034 1528 3084 in
1552 3036 1678 3104 jugo
1701 3053 1720 3089 ε
1747 3033 1804 3086 in
1832 3053 2038 3088 summa
2074 3041 2262 3096 arbore
2281 3082 2299 3109 ,

1280 3129 1440 3182 quam
1486 3113 1542 3164 in
1591 3113 1728 3176 ima,
1775 3125 1880 3167 etc.
1909 3139 1933 3162 ι
1994 3118 2072 3168 De
2111 3119 2298 3176 Visula

1275 3189 1521 3261 proxime
1549 3189 1750 3244 dictum
1776 3205 1869 3245 est.
1892 3189 2072 3248 Hsnn.

1360 3269 1448 3322 50.
1468 3270 1788 3323 Inar-ticulum.
1825 3271 2038 3328 Colum.
2065 3275 2166 3328 loc.
2200 3279 2292 3334 cit.

1283 3373 1305 3396 ι
1356 3348 1642 3402 Inerticula
1686 3362 1860 3403 tamen
1903 3353 2056 3423 nigra
2077 3393 2092 3418 ‚
2136 3375 2295 3428 quam

1271 3424 1492 3498 quidam
1524 3427 1696 3482 Graeci
1725 3431 1962 3500 ἀμίθυςον
1989 3435 2258 3504 appellant
2275 3475 2294 3502 ,

1274 3518 1449 3577 potest
1467 3507 1521 3558 in
1547 3507 1772 3561 secunda
1797 3511 1948 3580 quasi
1980 3511 2120 3565 tribu
2151 3532 2294 3580 esse,

1275 3584 1419 3656 quod
1452 3597 1507 3637 et
1537 3587 1666 3638 boni
1698 3588 1812 3640 vini
1838 3601 1944 3653 est,
1973 3601 2026 3643 et
2045 3591 2290 3648 innoxia:

1274 3663 1416 3718 unde
1467 3665 1626 3718 etiam
1683 3685 1879 3720 nomen
1925 3669 2112 3739 traxit,
2146 3671 2296 3742 qnod

1275 3745 1417 3798 iners
1448 3745 1674 3798 habetur
1703 3745 1760 3798 in
1776 3747 2046 3802 tentandis
2073 3751 2252 3805 nervis
2271 3787 2292 3814 ‚

1276 3825 1517 3893 quamvis
1542 3823 1596 3878 in
1626 3839 1780 3895 gustu
1807 3845 1918 3888 non
1949 3827 2018 3880 sit
2047 3830 2227 3883 hebet.
2263 3855 2288 3876 ι-

1274 3903 1345 3958 Et
1375 3903 1670 3958 hachabet
1694 3905 1854 3958 etiam
1889 3905 2160 3972 Isidorus.
2195 3907 2295 3962 lib.

1278 3981 1478 4045 xvn,
1507 4001 1554 4034 e.
1585 3988 1636 4035 5.
1667 3984 1850 4038 mm.
1899 4023 1902 4028 .

1941 4113 2032 4183 ¹9
