2850 4684
495 376 632 453 560
1032 381 1112 448 C.
1166 380 1510 450 PLINH·
1546 380 1759 451 NAT.
1811 382 2068 449 HIST.

490 528 744 600 meatu,
790 527 863 581 ut
901 499 1148 599 lauro⁸‚
1199 511 1396 581 oleae:
1456 500 1971 600 aliis'flexuosm
2017 526 2093 580 ut
2133 511 2284 583 fico.
2337 512 2634 583 Minutis

490 622 631 691 haec
660 618 1135 714 capillamentis
1158 619 1409 688 hirsuta
1425 671 1446 705 ‚
1464 632 1541 687 ut
1563 619 1772 705 abies,
1799 617 2154 713 multaeque
2181 618 2586 687 silvestrium
2608 640 2628 681 ε

491 752 529 797 e
573 726 813 822 quibus
852 726 1153 795 montani
1192 726 1552 821 praetenuia
1586 724 1699 795 fila
1728 725 2156 820 decerpentes
2173 776 2193 813 ,
2231 723 2632 818 spectabiles

494 832 759 928 lagenas
782 884 803 917 ‚
830 844 897 901 et
925 830 1051 900 alia
1089 855 1245 901 vasa
1279 844 1574 901 nectunt.
1606 831 1897 921 Quidam
1925 854 2063 900 non
2093 828 2328 899 altius⁹
2356 830 2632 899 descen·

492 939 649 1009 dere
691 936 979 1024 radices,
1008 962 1206 1032 quam
1244 936 1397 1007 solis
1434 936 1614 1007 calor
1650 936 2002 1031 tepefaciat
2024 989 2044 1023 ,
2077 935 2275 1029 idque
2292 934 2342 959 ¹⁰
2381 950 2628 1005 natura

494 1044 619 1114 loci
660 1045 976 1113 tenuioris
1016 1044 1437 1113 crassiorisve
1489 1042 1710 1112 dixere
1730 1094 1749 1128 ,
1801 1042 1982 1137 quod
2025 1040 2260 1111 falsum
2306 1040 2623 1111 arbitror.

425 1168 457 1221 3
493 1150 691 1246 Apud
738 1164 1042 1242 auctores
1098 1164 1275 1219 certe
1334 1149 1699 1235 invenitur,
1758 1148 1990 1218 abietis
2056 1145 2345 1243 planta¹¹
2415 1169 2626 1242 quum

495 1254 961 1326 transferretur
984 1309 1004 1343 ‚
1048 1278 1181 1325 vm
1218 1252 1658 1325 cubitorum¹²
1703 1255 1773 1323 in
1814 1252 2156 1323 altitudine
2189 1280 2208 1321 :
2243 1278 2369 1323 nec
2415 1268 2626 1323 totam

494 1362 807 1432 refossam
830 1415 850 1447 ,
907 1361 1023 1431 sed
1076 1361 1448 1456 abruptam.
1501 1360 1798 1429 Maxima
1837 1361 2050 1455 spatio
2101 1375 2300 1455 atque
2350 1355 2630 1454 plenitu-

492 1468 647 1538 dine
681 1482 749 1537 et
782 1469 929 1539 citri
944 1453 991 1492 ¹³
1036 1481 1153 1536 est.
1192 1468 1297 1536 Ab
1334 1491 1413 1536 ea
1453 1464 1704 1561 platani
1719 1453 1809 1551 ⁸⁴,
1845 1466 2102 1535 roboris
2123 1518 2142 1552 ,
2182 1478 2251 1535 et
2292 1464 2626 1560 glandife-

495 1599 744 1643 rarum.
802 1572 1261 1664 Quarumdam
1301 1573 1491 1641 radix
1535 1573 1832 1643 vivacior
1879 1570 2224 1667 superficie
2243 1624 2264 1658 ,
2316 1586 2391 1641 ut
2434 1570 2624 1640 lauri.

493 1683 728 1776 Itaque
769 1705 976 1775 quum
1010 1694 1247 1749 trunco
1283 1681 1530 1749 inaruit
1551 1734 1572 1769 ,
1609 1681 1818 1750 recisa
1860 1680 2055 1749 etiam
2093 1676 2304 1747 laetius
2335 1677 2623 1747 fruticat.

495 1788 787 1876 Quidam
830 1786 1155 1855 brevitate
1183 1771 1230 1810 ¹⁵
1286 1786 1584 1857 radicum
1635 1784 1912 1855 celerius
1964 1808 2304 1855 senescere
2353 1785 2626 1853 arbores

491 2080 555 2139 δὲ
606 2085 1003 2155 ἰπιπο).αιο’ῥριζσι
1018 2121 1035 2149 ,
1078 2085 1303 2155 καθάπερ
1348 2084 1522 2149 ἐλαία,
1610 2094 1703 2136 eus
1733 2082 1786 2135 vi
1815 2080 2138 2154 tempestatis
2157 2096 2365 2143 eversa,
2393 2106 2418 2128 ι
2447 2082 2626 2155 legen-

491 2168 579 2236 ῥόα,
596 2204 613 2230 ,
639 2166 825 2234 palia,
846 2164 1163 2231 κυπάρισσος.
1190 2162 1375 2215 fflnn.
1606 2160 1736 2215 dum
1761 2162 1933 2233 patrio
1955 2180 2079 2214 casu
2093 2200 2110 2225 ‚
2133 2186 2156 2209 ι
2171 2180 2386 2216 annosa
2399 2180 2628 2234 quercus

574 2246 626 2296 8.
648 2241 1259 2295 Atiismeo...tauro.1⁴3tsi
1280 2240 1521 2311 aliquan·
1605 2241 1662 2295 vi
1681 2240 2004 2313 tempestatis
2047 2258 2240 2293 eversae
2254 2280 2272 2307 ,
2295 2267 2320 2289 a
2356 2254 2418 2295 ut
2443 2260 2630 2297 rursus

494 2334 605 2375 tum
620 2320 852 2391 oblique
870 2318 1232 2374 radiceslanro
1248 2358 1264 2383 ,
1280 2319 1517 2391 oleoque

491 2402 597 2455 sint
616 2440 633 2467 ,
659 2413 835 2453 tamen
854 2398 959 2452 511ae
989 2398 1329 2469 aequabiliore
1354 2417 1516 2453 cursu

492 2500 592 2551 per
612 2496 817 2534 summa
832 2478 1091 2551 cespitum
1107 2491 1333 2549 repunt:
1352 2478 1486 2533 ficus
1500 2517 1517 2545 ,

494 2560 731 2615 flexuoso
756 2558 924 2630 magis
948 2570 1001 2611 et
1030 2568 1297 2613 contorto.
1331 2558 1464 2612 Haec
1486 2577 1517 2612 a

492 2660 554 2695 re
589 2640 703 2713 ipsa
722 2678 739 2705 ,
786 2658 898 2693 non
934 2658 964 2692 e
984 2638 1385 2711 Theophrasto,
1418 2654 1516 2710 pe-

495 2721 611 2775 tita.
641 2722 824 2774 Han.

578 2820 632 2869 9.
656 2800 867 2871 Quidam
905 2818 1001 2852 non
1015 2799 1161 2851 atrius
1176 2836 1193 2862 ‚
1216 2810 1317 2853 etc.
1332 2797 1518 2851 Tacite

494 2879 841 2950 reprehendit
868 2878 1295 2949 Theophrastum
1333 2895 1364 2931 a
1407 2896 1516 2949 quo

494 2958 553 3012 id
592 2960 849 3031 scriptum
910 2970 987 3011 eet
1005 2996 1021 3023 ‚
1068 2958 1269 3012 Histor.
1313 2957 1411 3011 lib.
1451 2958 1480 3009 Ῑ
1499 2992 1517 3023 ‚

498 3056 615 3109 cap.
648 3056 735 3090 11.
770 3039 977 3091 Dante.

582 3134 665 3169 ιο.
691 3116 843 3188 quue
865 3128 1060 3168 natura.
1092 3114 1403 3169 Confmeii
1431 3113 1516 3168 di·

496 3212 648 3259 xere,
672 3194 874 3265 inquit,
900 3190 971 3247 ad
1002 3196 1303 3266 βαθυρῥιζῖαν
1318 3233 1335 3261 ,
1356 3208 1411 3249 et
1435 3207 1518 3249 te·-

495 3290 679 3343 potem
704 3273 851 3331 eolis,
880 3285 932 3326 et
952 3273 1257 3327 tenuitatem
1276 3275 1408 3328 soli:
1433 3274 1516 3327 icit-e

495 3349 530 3419 ’ᾗ
546 3352 697 3421 κούφη
718 3388 735 3416 ,
758 3350 842 3405 καὶ
865 3352 998 3422 pavia
1016 3390 1033 3417 ‚
1060 3352 1143 3406 καὶ
1168 3348 1518 3418 &diedenh-

498 3431 615 3501 quit
640 3431 996 3501 Theophraat.
1034 3433 1101 3485 Iu
1126 3432 1278 3486 MSS.
1310 3435 1378 3486 R.
1412 3444 1516 3487 etc.

504 3536 526 3556 .
553 3507 715 3579 idque
742 3520 933 3562 natura
952 3510 1059 3563 loci
1080 3513 1379 3577 tenuiores,
1396 3531 1518 3584 gra-

496 3588 707 3643 vissime
732 3586 965 3642 dixeras
993 3590 1151 3645 Haud
1173 3604 1334 3657 recte,
1354 3603 1413 3644 nt
1427 3592 1518 3645 alii

496 3680 617 3721 ante
640 3685 737 3720 noa
765 3666 1093 3724 intellexere.
1124 3672 1304 3725 Hann.

584 3764 605 3799 1
624 3764 647 3798 1
660 3782 673 3797 .
702 3747 893 3799 Abiaetis
910 3748 1103 3817 planta.
1134 3738 1280 3822 Lego
1296 3750 1485 3821 planta
1499 3786 1518 3815 ,

494 3830 606 3879 non
644 3824 846 3894 planta,
901 3838 965 3879 ut
1004 3843 1211 3900 repetas
1260 3828 1514 3884 redirem.

494 3903 851 3958 Consimiliter
890 3924 1015 3959 mox
1052 3907 1215 3979 paulo
1242 3928 1407 3981 quum
1431 3907 1516 3963 di·

492 3984 594 4048 cit,
626 4010 648 4032 ι
669 3982 797 4038 Visa
820 3985 1014 4039 etenim
1044 4000 1123 4041 eat
1144 3990 1341 4042 ‘annosa
1355 4006 1514 4060 quer·

1604 2320 1884 2374 subaudias
1901 2320 2062 2373 mdix.
2085 2320 2248 2374 Pur.
2270 2350 2354 2361 —
2367 2322 2526 2391 Apud
2539 2342 2628 2375 aa·

1602 2410 1772 2453 ctos-es.
1798 2398 1958 2466 Quod
1987 2397 2058 2452 de
2098 2399 2288 2453 abietis
2310 2400 2492 2455 radice
2521 2402 2628 2455 Pli-

1601 2479 1724 2533 niua
1737 2518 1754 2547 ,
1767 2480 1872 2533 hoc
1888 2479 2066 2551 ipsum
2086 2476 2154 2531 de
2171 2479 2338 2534 larice
2347 2481 2627 2553 Theophr.

1603 2560 1737 2613 Hist.
1761 2560 1857 2612 lib.
1875 2560 1932 2612 11
1948 2597 1964 2621 ,
1985 2577 2102 2631 cap.
2129 2571 2155 2626 ¹7
2180 2560 2404 2616 :natum
2431 2556 2497 2614 δι’
2517 2564 2594 2622 “nc
2609 2599 2626 2627 ,

1603 2650 1705 2693 etc.
1727 2637 1908 2691 Hann.

1689 2736 1776 2771 υ.
1801 2718 1944 2771 VIII
1959 2718 2238 2772 cubitorum.
2255 2712 2628 2793 subintellige,

1603 2795 1839 2852 radicem
1867 2798 2046 2851 fuisse.
2082 2798 2263 2851 nnn.

1690 2897 1713 2931 1
1727 2877 1780 2930 3.
1813 2878 1885 2929 Ee
1903 2880 2033 2931 cies-i.
2054 2878 2134 2930 Ut
2151 2876 2356 2932 dictum
2375 2888 2458 2932 eat
2475 2896 2632 2951 eupe-

1602 2962 1742 3024 rins,
1765 2955 1860 3010 lib.
1887 2954 2026 3011 xm
2044 2996 2061 3022 ,
2086 2974 2203 3027 cap.
2235 2976 2330 3026 ²9·
2361 2956 2550 3012 liano.

1690 3042 1774 3099 14.
1798 3036 1882 3089 Ab
1911 3057 1969 3089 ea
1983 3038 2194 3107 platani.
2223 3038 2304 3091 De
2323 3038 2527 3109 platani
2545 3060 2630 3093 ra·

1602 3114 1816 3171 dicibus
1823 3116 2070 3169 XXXIII
2077 3116 2406 3181 cubitorum,
2417 3116 2626 3172 dictum

1603 3208 1683 3251 eat
1705 3196 1799 3249 lib.
1827 3195 1968 3261 XII,
1993 3214 2111 3268 cap.
2156 3195 2188 3251 ὅ
2210 3235 2228 3262 ,
2253 3214 2318 3249 ex
2344 3196 2624 3270 Theophr-

1603 3286 1658 3330 et
1684 3274 1947 3329 Varrone.
1974 3276 2158 3329 Hau».

1691 3369 1714 3407 1
1728 3354 1780 3407 5.
1815 3354 2028 3427 Quidam
2055 3354 2308 3421 brevitate,
2337 3356 2628 3411 eteffheo·

1603 3434 1846 3506 phrastua
1863 3472 1879 3499 ,
1907 3433 2104 3489 Hister.
2138 3434 2239 3487 lib.
2266 3436 2295 3487 1
2315 3474 2332 3499 ,
2359 3452 2481 3507 cap.
2516 3454 2540 3489 ι
2557 3454 2580 3489 1
2609 3470 2627 3495 ‚

1602 3532 1713 3566 non
1745 3514 1818 3566 ita
1843 3512 2059 3585 quidem
2106 3513 2297 3568 scribit
2315 3550 2334 3580 ‚
2374 3528 2436 3569 ut
2463 3516 2630 3570 refert

1604 3592 1808 3646 Plinius
1835 3632 1853 3660 ,
1889 3591 1981 3646 sed
2023 3594 2260 3647 novellas
2302 3604 2358 3647 et
2391 3595 2628 3665 vigentes

1602 3673 1818 3725 arbores
1867 3672 2076 3743 longius
2123 3684 2178 3726 et
2219 3674 2382 3727 altius
2420 3674 2628 3729 radice·

1604 3744 1992 3824 mittere‘quam
2008 3764 2235 3808 vetustae
2247 3793 2264 3819 ,
2285 3752 2626 3827 radicemque

1602 3844 1952 3887 marcescente
1977 3833 2166 3885 arbore
2181 3834 2356 3887 minui
2368 3872 2386 3897 ‚
2409 3846 2467 3887 et
2481 3834 2626 3887 velut

1604 3930 1708 3965 una
1729 3910 2274 3981 contabesceretquod
2292 3914 2623 3969 verissimum

1604 4004 1697 4044 est.
1730 3992 1930 4043 Daue.
