2850 4684
416 520 438 551 1

496 356 636 451 176

1009 362 1088 431 C.
1144 362 1489 431 PLINlI
1544 362 1759 433 NAT.
1819 361 2076 436 HIST.

585 484 910 577 X11.(v1.)
940 492 1128 585 Syria
1151 505 1218 560 et
1243 492 1689 563 terebinthum
1729 493 1987 563 habet'.
2010 495 2123 561 Ex
2152 489 2281 560 his²
2311 489 2611 562 mascula

406 640 412 648 ν
481 610 584 665 est
632 597 768 665 sine
820 596 1062 667 fructu.
1117 585 1574 668 Feminarum³
1614 600 1750 669 duo
1786 624 2050 696 genera.
2090 596 2300 667 Alteri
2347 598 2611 667 fructus

480 701 675 770 rubet
711 700 906 771 lentis
941 703 1442 799 magnitudine.
1483 704 1673 775 alteri
1704 705 2018 802 palliduS,
2065 728 2221 774 cum
2254 692 2426 773 vite¹¹
2464 728 2611 772 ma·

477 806 790 895 turescit,
827 832 964 877 non
987 810 1302 903 grandior
1325 810 1514 895 faba,
1558 812 1765 882 odore
1800 811 2202 906 jucundior,
2237 825 2419 881 tactu
2448 812 2613 879 resi-

479 938 700 983 nosus.
769 916 964 983 Circa
1022 916 1210 985 Idam
1263 918 1580 1006 Troadis,
1658 934 1727 988 et
1804 920 1871 986 in
1932 916 2325 995 Macedonia
2390 917 2614 985 brevis

477 1019 678 1088 arbor
725 1007 901 1089 haec⁵
947 1035 1145 1115 atque
1201 1023 1557 1111 fruticosa,
1602 1026 1669 1093 in
1717 1028 2050 1094 Damasco
2092 1025 2295 1117 Syriae
2348 1046 2611 1115 magna.

479 1111 830 1195 Materies⁶
868 1128 929 1195 ei
986 1128 1341 1197 admodum
1385 1129 1603 1216 lenta,
1653 1154 1733 1199 ac
1777 1129 1989 1200 fidelis
2037 1130 2121 1198 ad
2178 1143 2614 1211 vetustatem,

481 1233 653 1327 nigri
693 1232 1110 1335 splendoris.
1159 1228 1320 1304 flos⁷
1378 1260 1757 1306 racemosus
1802 1236 1992 1306 olivae
2033 1236 2277 1320 modo,
2334 1232 2453 1303 sed
2490 1258 2615 1303 ru-

481 1339 690 1409 bens:
732 1338 889 1408 folia
924 1326 1182 1409 densa⁸.
1215 1344 1371 1411 Fert
1403 1356 1471 1412 et
1502 1341 1868 1413 folliculos⁹
1896 1344 2269 1413 emittentes
2304 1339 2607 1459 quaedam

480 1444 820 1533 animalia,
883 1470 1005 1516 ceu
1057 1446 1300 1517 culices
1322 1502 1343 1536 ,
1413 1424 1868 1545 lentoremque
1926 1450 2326 1537 resinosum‚
2379 1447 2493 1541 qui
2542 1460 2614 1514 et

483 1553 729 1621 cortice
760 1554 1068 1647 erumpit.

561 1682 688 1735 XII.
726 1700 774 1735 1.
809 1682 956 1755 Syria
977 1694 1026 1733 et
1069 1674 1380 1737 tereba'ntlmm
1413 1686 1503 1737 hi:-

483 1761 574 1815 bet.
595 1762 1020 1833 Theophrastus,
1055 1763 1360 1817 Histonlib.
1387 1767 1505 1831 111,

483 1858 598 1911 cap.
627 1840 715 1894 15.
738 1844 877 1896 Du..
900 1874 980 1885 —-
996 1841 1157 1907 Syria.
1181 1844 1250 1895 Et
1260 1844 1316 1896 in
1333 1845 1507 1898 Gallia

483 1920 814 1974 Narbonensi
853 1922 1098 1993 frequens
1129 1923 1324 1989 Gallis,
1358 1925 1504 1975 Tdne'·

484 2000 662 2053 hinehe.
684 2001 950 2055 HARD.—-
961 2003 1178 2054 pistacia
1199 2003 1505 2056 terebinthus.

485 2074 676 2141 (De'oec.
709 2081 940 2150 pemand.
985 2100 1103 2153 gen.
1149 2100 1293 2135 πη
1314 2121 1331 2148 ,
1360 2084 1503 2135 Pers.

499 2160 830 2213 Terebinthac.
855 2162 888 2212 J
891 2158 1028 2222 uss.)
1055 2161 1273 2213 Habitat
1310 2162 1366 2213 in
1396 2160 1509 2215 Eu·

491 2259 625 2312 rope
649 2241 893 2303 australi,
921 2240 1200 2301 Barbaria,
1231 2239 1402 2295 India.
1427 2242 1509 2294 Ex

491 2320 590 2374 hac
613 2320 792 2372 oleum
813 2320 1114 2374 terebinthi.
1143 2322 1246 2373 En.

575 2420 628 2453 2.
655 2400 743 2451 Ex
774 2400 846 2451 his
872 2400 1100 2453 mascula.
1136 2398 1296 2471 Apud
1327 2400 1505 2452 Theo-

485 2480 608 2549 phr.
639 2472 774 2533 nist.
807 2479 901 2533 lib.
923 2479 1007 2531 111
1021 2520 1036 2545 ‚
1055 2497 1169 2551 cap.
1191 2498 1212 2532 1
1226 2481 1254 2533 5
1277 2520 1294 2543 ,
1320 2478 1505 2533 eadem

484 2576 706 2629 prorsus
731 2570 954 2612 exstant.
979 2560 1160 2613 HAnn.

568 2639 620 2693 3.
651 2640 982 2708 Feminarum,
1000 2653 1101 2693 etc.
1112 2639 1386 2709 Theophr.
1402 2639 1440 2690 l.
1456 2656 1502 2691 c.

567 2726 620 2782 4.
674 2719 795 2771 Cum
838 2723 958 2773 vite.
1011 2720 1221 2783 Altera,
1277 2718 1505 2789 inquit,

481 2799 756 2892 Theophr·
785 2800 1014 2851 fructum
1048 2800 1291 2868 protinus
1321 2797 1502 2850 rufum

479 2880 710 2949 promit,
738 2877 1308 2949 magnitudinelentis;
1336 2876 1501 2929 altera

477 2958 706 3011 viridem
726 2959 958 3028 primum
986 2956 1123 3019 edit,
1144 2959 1335 3025 χλοερὸν
1362 2947 1502 3020 (Pli-

477 3039 600 3091 nius
616 3039 796 3107 χλωρὸν
815 3037 967 3107 legit,
1000 3035 1144 3106 quod
1159 3048 1212 3087 et
1238 3034 1499 3106 pallidum

477 3131 532 3170 et
538 3111 730 3171 viride
762 3108 982 3183 sonat),
1017 3113 1212 3168 deinde
1249 3114 1498 3168 eumdem

474 3198 672 3250 rubore
697 3196 874 3266 tingit,
927 3206 980 3247 et
1018 3212 1140 3247 cum
1183 3194 1291 3247 vite
1321 3206 1495 3247 matu-

474 3290 763 3331 rescentem
788 3274 1019 3344 denique
1047 3274 1258 3343 nigrum
1279 3272 1460 3327 reddit
1477 3313 1493 3342 ‚

476 3358 609 3411 fabre
641 3352 1043 3425 magnitudine,
1097 3354 1394 3407 resinosum
1441 3364 1495 3407 et

474 3434 850 3488 odoratiorem.
885 3434 1067 3485 Hnm.
1480 3426 1485 3429 ’

559 3516 612 3569 5.
637 3512 808 3565 Arbor
829 3514 947 3564 Itoec.
987 3512 1094 3565 Cui
1129 3513 1331 3566 fructus
1369 3528 1493 3565 cum

469 3596 581 3647 vite
607 3591 924 3645 maturescit.
951 3591 1225 3663 Theophr.
1253 3593 1293 3644 l.
1324 3609 1370 3645 c.
1397 3580 1489 3652 Εςι

471 3672 532 3726 δὲ
553 3676 610 3725 τὸ
634 3666 834 3741 δένδρον
851 3709 866 3735 ,
899 3672 1008 3739 περὶ
1035 3672 1122 3741 μὶν
1153 3672 1240 3728 τὴν
1265 3662 1383 3728 Hm
1407 3669 1490 3724 καὶ

472 3746 791 3807 Μαιιὸονίαν
821 3751 976 3821 βραχὺ
994 3792 1011 3815 ,
1041 3764 1142 3804 etc.
1167 3750 1349 3804 Hann.

554 3836 609 3886 6.
637 3832 886 3884 Mater-ies.
926 3828 1124 3883 Iisdem
1157 3830 1332 3884 verbis
1376 3830 1489 3885 haec

470 3912 742 3986 Theophr.
771 3910 811 3964 l.
837 3928 883 3963 c.
913 3910 1096 3964 nnn.

553 4014 608 4063 7.
637 3992 776 4046 Flos.
799 3990 1070 4065 Theophr.
1095 3990 1200 4043 hoc
1225 4002 1432 4044 tantum
1468 4010 1481 4043 :

1592 1688 1730 1749 ἄνθος
1756 1681 1814 1741 δί
1830 1685 1992 1757 ὅμοιον
2009 1692 2082 1757 τῷ
2098 1690 2185 1747 τῆς
2200 1684 2385 1744 ἐλαίας·
2402 1689 2476 1753 τῷ
2488 1682 2614 1753 χρό-

1590 1783 1716 1836 part
1744 1762 1804 1820 δὲ
1832 1766 2035 1837 ἐρυθρόν.
2066 1788 2091 1813 e
2146 1764 2269 1816 Flos
2306 1762 2437 1816 olea
2454 1800 2471 1828 ‚
2514 1760 2614 1815 sed

1594 1848 1807 1899 rubens.
1833 1871 1857 1893 ι
1890 1846 2073 1897 Han.

1674 1926 1728 1978 8.
1753 1924 1902 1979 Folia
1932 1924 2096 1975 densa.
2134 1922 2219 1973 Ab
2244 1918 2433 1973 eodem
2456 1918 2611 1991 pedi·

1592 2004 1717 2056 culo
1744 2021 2057 2068 numerosa,
2086 2000 2224 2055 lauri
2260 2000 2459 2071 figura,
2488 2018 2616 2053 con·

1588 2084 1811 2155 jugatim
1842 2095 1901 2135 ut
1929 2084 1987 2136 in
2014 2083 2196 2135 sorbo.
2228 2080 2508 2151 Theophr.
2538 2081 2611 2132 Η.

1676 2183 1731 2232 9.
1766 2163 1887 2215 Fere
1921 2174 1971 2234 et
1986 2160 2255 2230 folliculos.
2299 2157 2615 2212 Vindemia·

1590 2262 1713 2296 rum
1751 2254 1991 2313 tempore
2040 2238 2296 2313 quosdam
2347 2237 2616 2293 folliculos

1592 2341 1683 2375 seu
1702 2323 1955 2375 vesiculas
1974 2320 2116 2373 foliis
2134 2333 2187 2373 et
2206 2318 2427 2373 ramulis
2442 2318 2613 2371 inha-

1590 2414 1766 2455 rentes
1788 2401 2017 2472 promit,
2060 2399 2243 2471 quales
2269 2399 2379 2452 fere
2400 2398 2457 2449 in
2476 2399 2613 2451 ulmi

1588 2481 1730 2533 foliis
1780 2492 2101 2545 nascuntur,
2140 2478 2233 2532 aed
2278 2476 2483 2550 pallido
2518 2490 2617 2531 aut

1585 2572 2009 2631 purpuras-cente
2020 2559 2219 2613 colore.
2237 2558 2447 2623 Quibus
2463 2574 2616 2627 aper-

1588 2640 1653 2692 tis
1684 2639 1860 2692 leutor
1889 2637 2105 2710 quidam
2142 2638 2199 2690 in
2235 2638 2318 2690 hia
2350 2636 2615 2691 contineri

1588 2707 2035 2789 deprehenditur,
2053 2718 2138 2771 cui
2158 2716 2419 2788 permixta
2435 2716 2617 2787 fuligi-

1586 2816 1717 2851 nosa
1734 2811 2060 2852 excrementa
2064 2798 2334 2869 ,alatoeque
2347 2796 2611 2862 bestiolte3

1586 2881 1779 2948 cym'pes
1800 2890 1889 2932 aut
1908 2878 2149 2947 gallorum
2184 2880 2364 2929 insecta
2395 2888 2609 2929 vocant.

1584 2956 1789 3011 Horum
1875 2958 2239 3011 folliculorum
2313 2956 2611 3009 meminere

1584 3055 1771 3089 omnes
1793 3037 1905 3089 fere
1935 3035 2115 3107 quide
2136 3038 2236 3089 hac
2262 3036 2450 3089 arbore
2475 3036 2610 3088 acri-

1581 3129 1819 3187 pserunt.
1869 3117 2019 3169 Nihil
2062 3127 2241 3169 autem
2288 3112 2436 3169 aliud
2482 3127 2611 3169 sunt

1580 3212 1742 3266 quam
1773 3196 2135 3249 excrescentia
2158 3192 2399 3266 quandam
2432 3194 2497 3246 ab
2522 3194 2609 3248 in·

1579 3274 1731 3327 sectis
1753 3274 1877 3327 folia
1904 3289 1959 3328 et
1984 3276 2223 3329 surculos
2236 3292 2606 3345 compungen-

1580 3354 1719 3406 tibus
1738 3391 1755 3420 ,
1785 3366 1839 3406 et
1865 3353 2065 3407 ibidem
2094 3372 2193 3407 ova
2214 3373 2309 3407 aua
2332 3352 2607 3425 deponen-

1578 3432 1716 3485 tibus
1760 3434 2031 3496 excitato,
2082 3446 2143 3487 ut
2171 3434 2451 3488 matricum
2490 3434 2605 3487 sive

1577 3514 1984 3567 uterorumloco
2001 3552 2017 3580 ,
2034 3513 2099 3565 iis
2114 3514 2403 3567 inserviant
2422 3512 2607 3567 foven-

1578 3588 1661 3644 dis
1672 3604 1723 3644 et
1736 3591 2081 3647 excludendis
2095 3612 2113 3659 ς
2136 3594 2375 3664 fetusque
2388 3590 2604 3647 tandem

1576 3668 1744 3725 editos
1790 3672 1934 3725 alant
1984 3686 2367 3745 protegamque
2388 3711 2405 3739 ,
2462 3672 2600 3725 mira

1576 3764 1776 3805 naturai
1806 3752 2163 3822 providentia.
2192 3754 2259 3805 In
2288 3752 2393 3805 illis
2420 3764 2600 3805 tamen

1577 3831 1827 3885 folliculis
1849 3850 1961 3885 non
1982 3832 2255 3904 colligitur
2280 3832 2477 3889 resina,
2504 3830 2599 3883 sed

1576 3929 1640 3963 ex
1668 3911 1851 3982 liguo,
1879 3912 1978 3965 ἀπὸ
2010 3918 2097 3965 τοῦ
2128 3912 2283 3974 ξύλου.
2314 3910 2597 3982 Theophr.

1574 3990 1674 4044 loc.
1704 3992 1795 4046 cit.
1816 3990 1919 4045 En.
2019 4016 2029 4025 ·
