2850 4684
486 377 633 450 608

1039 383 1115 452 C.
1167 383 1505 456 PLINII
1553 385 1768 456 NAT.
1819 385 2075 456 ms'r.

486 528 620 600 est,
642 512 885 582 duritia
906 511 1097 584 clavo
1124 514 1351 586 similis
1366 499 1442 602 ³⁴,
1461 516 1728 588 inimica
1755 511 1974 590 seri-is.
2007 517 2096 586 Et
2119 515 2430 612 quaedam
2459 518 2638 592 forte

486 619 806 692 accidunt
820 605 895 708 ³⁵,
939 618 1159 716 lapide
1200 622 1716 718 comprehenso,
1751 639 1868 696 aut
1909 636 2182 719 recepto
2227 624 2303 692 in
2345 648 2634 720 corpus,

489 742 609 798 aut
632 724 901 796 alterius
928 726 1185 796 arboris
1212 752 1419 797 ramo.

596 834 887 928 Megaris
906 830 925 855 ¹
986 831 1101 902 diu
1155 836 1339 902 stetit
1390 832 1674 905 oleaster
1727 837 1796 904 in
1851 835 2028 923 foro,
2077 837 2188 904 cui
2232 836 2360 904 viri
2413 834 2632 906 fortes

486 938 836 1010 affixerant
876 963 1063 1008 arma
1081 991 1101 1028 ,
1122 964 1269 1034 quae
1304 943 1554 1011 cortice
1585 939 1918 1012 ambiente
1961 955 2116 1012 aetas
2161 940 2362 1036 longa
2401 941 2631 1012 occul-

488 1060 792 1116 taverat:
832 1044 1087 1140 fuitque
1132 1045 1335 1116 arbor
1374 1046 1484 1116 illa
1525 1045 1738 1118 fatalis
1795 1047 2050 1120 excidio
2097 1047 2286 1118 urbis
2340 1073 2628 1142 praemo-

486 1154 641 1222 nitae
681 1150 987 1240 oraculo,
1046 1176 1253 1246 quum
1294 1152 1498 1222 arbor
1537 1177 1722 1224 arma
1763 1156 2124 1250 peperisset
2159 1179 2176 1222 ε
2237 1153 2424 1250 quod
2483 1179 2632 1226 suo-

486 1261 643 1328 cisae.
680 1257 921 1328 accidit
938 1255 959 1282 ²
978 1311 999 1343 ‚
1044 1259 1255 1328 ocreis
1296 1257 1630 1354 galeisque
1678 1261 1856 1333 intus
1901 1261 2198 1356 repertis.
2247 1263 2506 1332 Ferunt
2546 1259 2632 1330 la·

483 1365 670 1462 pides
708 1366 800 1436 ita
834 1365 1173 1452 inventos,
1228 1363 1314 1434 ad
1356 1365 1796 1464 continendos
1847 1381 2076 1461 partus
2121 1391 2264 1436 esse
2305 1366 2630 1438 remedio.

482 1465 667 1560 (xp.)
692 1468 1111 1566 Amplissima
1148 1470 1463 1540 arborum
1493 1470 1578 1540 ad
1614 1471 1747 1542 hoc
1779 1472 1904 1541 aevi
1941 1473 2356 1544 existimatur
2387 1475 2628 1544 Romae

482 1579 665 1664 visa,
724 1601 925 1673 quam
982 1589 1255 1672 propter
1320 1576 1716 1648 miraculum
1775 1578 1922 1646 Tib.
1986 1580 2210 1648 Caesar
2259 1581 2332 1648 in
2385 1578 2626 1650 eodem

481 1699 687 1780 ponte
704 1668 731 1708 ³
790 1683 1285 1753 naumachiario
1338 1698 1736 1778 exposuerat
1775 1682 2122 1754 advectam
2173 1709 2328 1754 cum
2371 1684 2629 1781 reliqua

480 1792 757 1860 materie
799 1815 815 1859 τ
861 1788 1129 1859 duravit
1181 1789 1268 1858 ad
1320 1788 1606 1859 Neronis
1657 1791 1974 1885 principis
2027 1790 2624 1885 amphitheatrum.

424 1899 454 1952 ⁵
484 1899 638 1966 Fuit
678 1911 903 1966 autem
932 1896 1113 1967 trabs
1148 1919 1185 1964 e
1220 1894 1454 1984 larice,
1491 1893 1691 1990 longa
1719 1895 1920 1991 pedes
1947 1919 2086 1966 cxx
2129 1896 2420 1993 bipedali
2455 1923 2627 1968 cras-

484 2003 768 2074 situdine
804 2001 1089 2098 aequalis.
1131 2003 1289 2091 Quo
1334 2001 1822 2098 intelligebatur
1861 2002 1970 2072 vix
1999 2002 2332 2073 credibilis
2367 2004 2626 2100 reliqua

478 2108 760 2180 altitudo
780 2161 799 2194 ‚
862 2109 1198 2203 fastigium
1236 2107 1320 2176 ad
1362 2133 1685 2180 cacumen
1740 2109 2236 2178 aestimantibus.
2284 2111 2442 2180 Fuit
2485 2135 2624 2180 me-

477 2216 693 2284 moria
732 2227 959 2283 nostra
1004 2228 1071 2282 et
1107 2215 1176 2282 in
1218 2215 1586 2307 porticibus
1635 2227 1977 2310 septorum
2001 2201 2026 2246 ⁴
2090 2238 2130 2284 a
2179 2215 2276 2286 M.
2323 2217 2624 2312 Agrippa

474 2400 674 2460 inutilis
692 2401 967 2473 scalptura
980 2397 1264 2471 sapphirus
1280 2395 1503 2465 dicitnr,

474 2479 947 2538 intervenientibus
996 2477 1319 2548 crystallinis
1376 2497 1506 2534 cen-

474 2565 587 2620 tris.
608 2563 678 2618 Et
702 2581 751 2616 c.
776 2581 840 2615 ιο
868 2557 1106 2632 ejusdem
1130 2559 1291 2612 libri:
1320 2584 1344 2606 ι
1362 2577 1505 2632 pro·

475 2642 679 2700 durum
693 2661 753 2696 ac
773 2640 955 2712 fragile
977 2651 1224 2696 centrum
1246 2664 1269 2686 ι
1302 2639 1357 2692 in
1381 2657 1505 2711 cry-

478 2724 617 2782 stalli
646 2721 789 2776 vitiis
812 2733 1075 2776 censetur.
1095 2717 1281 2772 Hum.

558 2807 653 2868 34.
691 2802 846 2856 Clam
872 2801 1057 2856 similis.
1087 2799 1241 2851 Aliu-
1270 2809 1349 2850 est
1370 2797 1504 2853 oleo

472 2883 675 2949 clavus,
691 2880 761 2937 de
779 2901 889 2955 quo
910 2879 1008 2934 int.
1029 2879 1125 2932 lib.
1143 2877 1322 2943 xvn,
1336 2895 1383 2932 c.
1407 2883 1502 2942 ⁸⁴-

560 2962 652 3018 35.
696 2961 773 3015 Et
813 2961 1033 3034 quadan·
1048 2959 1187 3025 forte
1232 2957 1463 3012 accidunt
1479 2993 1500 3022 ,

474 3055 577 3098 etc.
610 3068 633 3091 ιι
658 3039 844 3096 Nodos
868 3040 1121 3094 arborum
1137 3074 1156 3101 ,
1196 3055 1364 3110 quum
1396 3036 1500 3090 mi·

474 3123 580 3182 tius
610 3132 687 3176 est
712 3121 897 3173 colum
925 3117 1355 3188 alimentumque
1388 3135 1503 3170 me·

422 3203 431 3227 '
472 3203 576 3256 lius
601 3217 661 3254 ac
688 3198 893 3263 utilius,
909 3207 1245 3266 turgescente
1264 3213 1427 3249 carne
1447 3209 1502 3252 et

472 3293 595 3336 cute
613 3275 813 3333 obduci
831 3313 851 3340 ‚
878 3274 1118 3348 quamvis
1138 3275 1314 3328 sensui
1338 3275 1504 3331 mani.

472 3359 815 3416 festissimum
841 3355 941 3421 sit,
968 3366 1145 3408 tamen
1185 3365 1239 3406 et
1282 3373 1345 3408 ex
1387 3355 1504 3410 eliis

472 3439 736 3496 similibus
758 3433 1149 3508 cognoscimus.
1187 3433 1325 3488 Nam
1360 3453 1502 3506 sepe

472 3517 680 3575 arboris
706 3533 829 3590 pers
852 3511 1094 3588 quodam
1116 3513 1365 3568 :hulten
1382 3532 1501 3570 coa-

472 3601 699 3656 lescente
741 3593 1094 3668 prehenditur
1134 3612 1148 3646 z
1185 3611 1248 3646 ac
1292 3592 1336 3646 si
1376 3594 1501 3666 quis

472 3697 683 3743 sexum,
708 3675 794 3730 vel
818 3671 1022 3747 aliquid
1049 3670 1197 3728 aliud
1236 3672 1497 3746 ejusmodi

470 3759 713 3820 incutiat,
726 3765 1055 3810 accrescente
1068 3751 1215 3826 quod
1228 3745 1498 3808 inambitu

472 3851 551 3894 est
566 3877 583 3904 ,
604 3835 663 3891 id
688 3835 981 3890 occultatur
996 3871 1014 3900 ,
1030 3833 1167 3887 sicut
1186 3832 1244 3886 in
1269 3832 1497 3887 oleastro

470 3918 696 3992 contigit
710 3915 937 3988 Megaris
960 3915 1016 3968 in
1044 3912 1163 3966 foro
1188 3924 1303 3966 sato
1317 3951 1333 3977 ,
1352 3917 1488 3966 ete.-

469 3997 825 4070 Theophrast.
852 3995 1015 4050 Hunc
1060 3992 1243 4046 locum
1290 3991 1496 4046 Plinius

1216 4254 1255 4272 δ

1591 2401 1858 2456 incuriose
1871 2402 2046 2458 vertit.
2063 2403 2360 2458 Duu--Et
2379 2405 2620 2478 qudam.

1592 2479 1716 2535 Alia
1743 2494 2048 2536 centron-um
2070 2483 2128 2536 in
2145 2482 2428 2540 arboribus
2449 2485 2620 2556 origo.

1591 2559 1797 2633 Lepide
1829 2562 2084 2616 nimirum
2127 2561 2394 2616 inculcato
2411 2602 2432 2628 ,
2464 2578 2622 2638 atque

1593 2641 1842 2711 amplexu
1867 2641 2181 2696 incrementi
2210 2642 2416 2696 circum
2447 2641 2620 2698 obdu-

1593 2721 1666 2773 cti
1691 2717 1910 2786 demum
1951 2721 2252 2788 occultat03
2283 2723 2368 2775 vel
2401 2722 2622 2778 alterins

1590 2798 1798 2852 arboris
1815 2836 1834 2863 ,
1877 2818 1998 2872 quo
2027 2798 2086 2854 in
2119 2801 2370 2874 proximo
2411 2803 2618 2864 suerit,

1587 2895 1741 2932 ramo
1767 2879 1827 2932 in
1847 2880 2064 2933 alterius
2091 2898 2304 2934 ramum
2331 2900 2618 2954 coagmen·

1590 2969 1720 3013 teto.
1742 2948 1911 3026 (Vide
1935 2951 2141 3031 supra.)
2171 2961 2355 3014 Ham).

1675 3055 1724 3092 r.
1751 3037 1990 3108 Megaris.
2036 3039 2108 3094 Et
2131 3039 2248 3094 hec
2274 3057 2305 3092 a
2327 3039 2614 3114 Theophr.

1589 3113 1906 3184 traduntur,
1924 3117 1964 3172 l.
1993 3137 2040 3174 c.
2071 3117 2252 3173 Ηηι).

1673 3216 1726 3250 2.
1759 3197 1912 3268 Quod
1931 3202 2127 3252 succisa
2153 3198 2348 3252 aecidat.
2378 3197 2566 3263 Quum
2585 3217 2616 3252 a

1589 3275 1797 3332 Pericle
1828 3289 2024 3332 vastata
2057 3289 2138 3332 est
2175 3277 2442 3350 negaris,
2469 3279 2616 3332 bello

1588 3355 2041 3427 Peloponnesiaco
2057 3397 2074 3421 ,
2110 3370 2173 3412 nt
2200 3355 2420 3432 quidem
2449 3358 2616 3414 :den

1588 3433 1752 3491 Diod.
1779 3433 1882 3490 Sic.
1903 3437 2000 3492 lib.
2034 3437 2156 3492 XII.
2187 3435 2371 3490 Hann.

1670 3513 1722 3569 3.
1772 3517 1835 3570 In
1858 3517 2020 3570 eodem
2042 3529 2213 3589 ponte.
2257 3519 2338 3570 De
2365 3535 2478 3589 quo
2501 3518 2612 3588 jam

1585 3591 1790 3649 dictum
1821 3608 1900 3650 est
1929 3615 2050 3668 cap.
2078 3615 2132 3667 7.
2159 3595 2490 3650 DeNeronis
2507 3615 2618 3650 am-

1583 3673 1888 3746 phitheatro
1907 3674 2118 3732 dicetur
2137 3677 2230 3730 lib.
2239 3675 2452 3742 111‚c.
2471 3680 2528 3730 6.
2543 3675 2618 3730 Η.

1670 3760 1720 3819 4.
1747 3755 1808 3806 In
1829 3755 2096 3825 porticibus
2124 3769 2382 3826 uptam.
2418 3757 2612 3827 Septa,

1583 3831 1854 3906 quondam
1881 3835 2087 3900 Ovilia,
2113 3835 2169 3888 in
2201 3853 2393 3908 campo
2415 3835 2610 3890 Han-tio

1583 3911 1700 3968 locs
1727 3911 2024 3986 frequentia
2039 3954 2055 3979 ‚
2077 3914 2250 3969 cincta
2275 3915 2512 3986 primum
2535 3927 2609 3969 ta-

1583 3993 1778 4046 bulatis
1791 4031 1808 4058 ,
1835 3991 2032 4048 deinde
2046 4011 2333 4047 ,marmore
2347 4029 2368 4056 ,
2389 4006 2606 4066 sumptu
