2850 4684
473 340 558 446 ιε

1015 338 1093 409 c.
1144 340 1477 411 PL1N11
1524 300 1739 408 NAT'.
1786 332 2043 408 msT.

463 471 649 552 rens²
671 524 692 561 ‚
727 474 927 542 vastis
951 470 1348 542 diffunditur
1375 473 1575 541 ramis
1614 496 1631 541 z
1664 494 1957 565 quorum
2003 472 2117 541 imi
2157 470 2321 543 adeo
2366 474 2433 543 in
2464 490 2595 545 ter·

459 606 610 651 ram
657 593 1018 649 curvantur
1040 624 1060 665 ‚
1096 592 1174 645 ut
1215 602 1439 647 annuo
1482 578 1692 671 spatio
1742 576 2103 670 infigantur
2132 628 2152 663 ‚
2214 602 2589 675 novamque

465 687 586 756 sibi
634 686 1070 780 propaginem
1103 684 1352 753 faciant
1392 685 1570 752 circa
1607 696 1947 777 parentem
1992 684 2063 751 in
2102 683 2332 753 orbem
2358 738 2377 771 ‚
2431 712 2592 781 quo-

460 791 614 869 dam
647 815 848 885 opere
885 791 1185 884 topiario.
1228 792 1416 857 Intra
1452 814 1675 884 sepem
1710 814 1857 859 eam
1895 790 2194 858 aestivant
2241 807 2540 885 pastores
2566 838 2589 877 ‚-

459 922 737 993 opacam
779 898 1030 992 pariter
1071 909 1140 964 et
1180 897 1502 967 munitam
1547 894 1719 964 vallo
1756 892 2011 964 arboris
2028 949 2047 981 ,
2088 894 2330 965 decora
2368 902 2587 993 speeie

393 1026 421 1061 ²
459 1004 688 1073 subter
733 1004 1084 1120 intuenti,
1098 1000 1453 1095 proculve,
1502 1001 1829 1071 fornicato
1880 1001 2155 1071 ambitu.
2201 1006 2588 1098 Superiores

457 1109 750 1203 ejusdem
783 1109 948 1177 rami
987 1108 1056 1175 in
1100 1107 1431 1177 excelsum
1474 1109 1787 1195 emicant,
1844 1106 2082 1177 silvosa
2130 1108 2589 1191 multitudine,

455 1230 644 1287 vasto
687 1216 915 1284 matris
952 1198 1290 1307 corpore³‚
1331 1228 1407 1283 ut
1450 1238 1542 1283 Lx
1576 1200 1841 1309 passui-‚⁴
1875 1211 2172 1307 plerique
2211 1216 2373 1285 orbe
2410 1216 2592 1287 colli-

452 1452 550 1503 κῳ,
573 1427 920 1483 similitudine
949 1428 1058 1483 fici.
1087 1428 1266 1481 Han.
1281 1458 1360 1469 —
1377 1426 1472 1479 Fa·-

451 1530 534 1566 cus
580 1510 676 1575 ibi,
720 1521 819 1561 etc.
859 1508 1008 1560 Ficus
1043 1508 1270 1577 religiosa
1308 1506 1469 1559 Linn.

453 1580 630 1659 (Dloec.
646 1588 824 1639 triand.
837 1606 958 1659 gen.
977 1607 1004 1640 2
1020 1608 1042 1641 1
1053 1588 1150 1657 93,
1167 1588 1307 1639 Pers.
1318 1586 1471 1640 Urtic.

449 1660 614 1735 Juss.)
642 1669 840 1721 Totum
871 1668 1014 1719 hunc
1056 1668 1236 1719 locum
1280 1665 1475 1719 Noster

451 1760 724 1802 mutuatus
752 1761 830 1801 est
867 1766 898 1799 a
936 1747 1306 1818 Theophrasto
1323 1784 1339 1809 ,
1379 1745 1471 1815 qui

449 1829 692 1881 omnium
707 1825 1101 1897 diligentissime
1119 1827 1366 1879 arborem
1382 1823 1476 1877 de-

449 1909 695 1978 scripsit:
729 1907 814 1959 his
837 1906 948 1958 fere
973 1906 1164 1959 similia
1186 1924 1274 1976 ap.
1295 1906 1471 1958 Strah.

449 1986 754 2059 Geograph.
798 1986 998 2039 lih.V:
1050 2012 1075 2033 ιι
1099 1983 1252 2037 India
1282 1985 1475 2038 multas

448 2066 670 2139 quidem
691 2065 1025 2119 admirabiles
1049 2065 1153 2118 fert
1175 2065 1411 2126 arbores,
1444 2082 1475 2117 e

450 2147 648 2217 quibus
673 2160 782 2210 est,
812 2146 962 2213 cujus
998 2144 1134 2196 rami
1166 2142 1234 2196 ad
1275 2156 1473 2195 terram

452 2223 826 2299 propendent,
858 2224 1002 2277 foliis
1030 2242 1139 2275 non
1177 2222 1476 2289 minoribus

451 2307 658 2377 clypeo.
676 2304 1000 2359 Onesicritus
1018 2302 1277 2356 curiosius
1290 2321 1347 2355 ea
1358 2320 1475 2372 per-

451 2402 705 2455 sequens,
749 2402 866 2455 quae
915 2396 1036 2435 sunt
1074 2382 1132 2434 in
1173 2382 1473 2449 Musicana3

451 2478 596 2518 terra
642 2462 812 2517 Indiae
859 2462 1261 2528 australissima‚
1314 2463 1477 2515 refert

449 2546 665 2617 arbores
684 2538 938 2614 quasdam
963 2543 1202 2611 ingentes
1226 2560 1334 2593 esse
1351 2560 1477 2613 qua·

448 2642 572 2677 rum
599 2624 766 2688 rami,
793 2640 958 2694 quum
985 2619 1054 2673 ad
1081 2620 1356 2674 duodenos
1381 2640 1475 2673 cu-

449 2702 942 2763 bitos-excreverint
953 2740 968 2763 .
1011 2702 1278 2773 reliquum
1301 2702 1475 2754 incre·

449 2797 689 2837 mentum
737 2801 967 2854 pronum
1013 2782 1208 2834 faciant
1225 2820 1241 2845 ,
1283 2779 1474 2833 deflexi

449 2882 737 2934 quousque
749 2875 942 2915 terram
959 2862 1270 2931 contingant
1283 2877 1300 2924 ;
1327 2858 1477 2912 dein-

447 2940 518 2995 de
536 2954 734 2994 terram
749 2941 973 2993 subeant
989 2958 1050 2993 ac
1068 2938 1277 2992 radices
1294 2950 1471 3010 agant,

449 3022 616 3075 veluti
661 3019 906 3073 traduces
929 3037 946 3083 ;
991 3037 1116 3070 mox
1156 3036 1339 3073 rursus
1381 3036 1472 3069 ex-

449 3112 572 3153 eant
619 3100 674 3151 in
701 3111 1005 3169 ,truncurm
1039 3115 1147 3168 quo
1190 3110 1474 3168 postquam

445 3179 588 3233 aucti
609 3177 836 3241 fuerint,
859 3175 1046 3231 eodem
1075 3176 1237 3229 modo
1260 3176 1473 3229 flectan-

448 3272 629 3324 tur-‚et
655 3258 810 3309 aliam
841 3257 1182 3327 propaginem
1213 3255 1472 3324 efficiant,

445 3356 734 3408 rursusque
761 3338 918 3389 aliam
936 3376 952 3401 ,
976 3348 1036 3389 ut
1055 3335 1125 3387 ab
1149 3355 1253 3390 nna
1280 3336 1471 3389 arbore

445 3419 666 3488 longum
713 3415 1080 3469 umbraculum
1122 3416 1239 3482 fiat,
1291 3418 1470 3469 taber-

444 3497 637 3551 naculo
685 3496 868 3549 multis
912 3496 1174 3549 columnis
1223 3496 1469 3550 innitenti

443 3577 633 3631 simile.
665 3600 688 3621 ι·
721 3575 904 3628 Ficum
936 3566 1168 3627 indicam
1194 3575 1320 3627 licet
1343 3575 1463 3628 obs-

441 3656 644 3711 curiori
671 3654 833 3709 modo
849 3694 865 3719 ‚
891 3655 1018 3729 item
1044 3654 1360 3726 significasse
1384 3655 1463 3709 vi-

443 3736 600 3790 detur
625 3735 838 3789 Curtius
855 3734 950 3787 lib.
973 3734 1053 3786 IX
1069 3772 1086 3800 ,
1105 3752 1152 3787 c.
1179 3752 1202 3786 1
1223 3753 1236 3786 :
1274 3760 1297 3781 ι
1319 3735 1460 3788 Hine

439 3817 582 3870 Poro
599 3833 858 3887 amneque
882 3804 1174 3885 (Hydaspe)
1195 3828 1458 3885 superam,

438 3895 508 3949 ad
523 3894 784 3949 interiora
801 3892 970 3947 Indiae
995 3895 1270 3963 processit.
1309 3892 1463 3950 silvan

437 3989 589 4029 erant
609 3992 780 4046 prope
807 3975 860 4026 in
887 3975 1205 4026 immensum
1235 3973 1463 4043 spatium

1562 1426 1772 1483 diffusas
1794 1464 1813 1494 ,
1867 1428 2208 1501 procerisque
2259 1443 2315 1483 et
2364 1430 2423 1484 in
2472 1433 2589 1485 exi-

1560 1508 1724 1562 miam
1762 1494 2095 1561 altitudinem
2128 1508 2283 1561 editis
2308 1508 2592 1565 arboribus

1560 1588 1867 1641 umbrosa.
1918 1588 2161 1659 plerique
2213 1590 2375 1654 rami,
2418 1591 2588 1645 instar

1560 1667 1857 1736 ingen-tium
1900 1667 2179 1738 stipitum,
2217 1666 2339 1721 flexi
2379 1669 2435 1721 in
2477 1670 2587 1725 hu·

1558 1764 1707 1799 mum
1723 1785 1738 1810 ,
1756 1765 2091 1821 rursum-qua
2126 1767 2180 1799 se
2206 1764 2587 1818 curvaverant,-

1558 1826 1895 1897 erigebantur
1916 1824 2049 1879 adeo
2092 1822 2225 1890 (scil.
2256 1848 2316 1878 ex
2347 1847 2469 1879 nova
2497 1850 2582 1882 m-

1558 1898 1685 1972 dice)
1700 1945 1715 1971 ,
1742 1919 1802 1959 ut
1828 1907 2026 1977 species
2052 1920 2185 1959 esset
2211 1926 2323 1959 non
2348 1908 2481 1960 rami
2502 1928 2586 1962 re-

1558 1986 1839 2055 surgentis,
1862 1984 1954 2041 sed
1977 1986 2179 2038 arboris
2203 2004 2268 2039 ex
2292 2006 2387 2041 sua
2402 1985 2589 2041 radioe'

1558 2078 1834 2137 generata-,5
1851 2090 1874 2111 ι
1896 2062 2021 2118 Vid.
2044 2066 2197 2118 Curt.
2219 2058 2300 2117 IX
2316 2102 2330 2123 ,
2360 2084 2411 2133 1,
2430 2080 2469 2121 t.
2498 2068 2585 2135 11,

1557 2163 1679 2215 pag.
1706 2164 1814 2215 ²77
1846 2157 1900 2197 et
1925 2147 2033 2214 278
2059 2143 2183 2198 edit.
2208 2140 2422 2198 nostrae.
2456 2146 2562 2215 En.

1643 2242 1695 2277 2.
1724 2224 1840 2293 Ipsa
1860 2244 1912 2275 se
1932 2242 2110 2295 semper
2124 2243 2280 2277 serens
2293 2262 2311 2287 ,
2330 2238 2427 2279 etc.
2447 2225 2584 2290 Qun

1557 2304 1661 2357 hoc
1718 2303 1890 2375 capite
1932 2300 2303 2368 continentur,
2354 2300 2581 2359 totidem

1558 2384 1735 2437 verbis
1758 2395 1964 2437 exstant
1986 2383 2129 2453 apud
2142 2382 2493 2457 Theophrast.
2521 2387 2579 2448 1,·

1568 2482 1591 2516 1
1606 2482 1633 2515 ι
1655 2483 1671 2529 3
1703 2462 1931 2535 maxime
1954 2482 2081 2515 vero
2103 2464 2203 2530 lv,
2229 2470 2277 2517 5.
2296 2464 2477 2516 nnn.
2499 2497 2581 2509 —-

1557 2528 1743 2613 Margo
1770 2539 1983 2594 Verior.
2026 2561 2173 2613 poma
2202 2563 2381 2614 semper
2406 2544 2578 2610 fimas

1556 2625 1712 2692 vastis
1725 2621 1974 2687 diffundit.
1998 2642 2115 2675 ram.
2144 2642 2340 2695 quorum
2359 2624 2579 2693 pondes-d

1558 2702 1697 2766 adeo,
1727 2714 1825 2753 etc.
1858 2702 1961 2755 En.

1640 2778 1691 2833 3.
1725 2779 1905 2851 Matris
1929 2801 2137 2852 corpore.
2168 2780 2385 2853 Stirpis,
2417 2795 2577 2835 trun-

1557 2859 1691 2923 oive.
1712 2860 1799 2913 Sic
1809 2861 1958 2931 Virg.
1984 2861 2177 2933 Georg.
2200 2863 2272 2927 11,
2302 2862 2410 2933 ²3⁴²
2435 2890 2456 2911 ι
2473 2862 2577 2915 Hic

1555 2940 1761 3013 plantas
1799 2954 1982 2993 tenero
2030 2940 2305 2994 abscidens
2340 2940 2415 3013 *de
2456 2960 2576 2994 cor-

1556 3038 1689 3112 pore
1711 3034 1943 3073 matrum
1979 3020 2236 3091 Deposuit
2264 3020 2449 3087 sulcis;
2486 3022 2577 3075 hie

1556 3099 1743 3171 stirpes
1764 3098 1969 3171 obruit,
1993 3112 2091 3152 etc.
2120 3094 2357 3153 »Hum-

1638 3186 1691 3243 4.
1728 3180 1795 3231 Ut
1820 3164 1927 3230 LX
1940 3198 2073 3249 pass.
2092 3178 2306 3253 plerique
2328 3179 2442 3231 orbe
2471 3181 2575 3232 col·

1555 3258 1729 3327 ligant.
1753 3258 1906 3310 Rami
1930 3259 2165 3313 scilieet
2150 3278 2208 3313 ιιι
2240 3260 2423 3312 orbem
2444 3258 2570 3314 fusi.

1554 3338 1635 3391 Ita
1684 3336 1838 3389 MSS.
1877 3357 2061 3411 omnes
2105 3341 2232 3409 Reg.
2276 3338 2429 3391 Colb.
2464 3350 2571 3393 etc.

1554 3415 1879 3471 Credibilius
1890 3400 1947 3469 id'
1964 3418 2237 3483 nimirum,
2253 3436 2409 3489 quam
2423 3416 2573 3489 quod

1554 3496 1910 3567 Theophrast.
1946 3497 2019 3549 ait
2048 3499 2147 3549 loc.
2176 3498 2267 3554 cit.
2298 3499 2381 3550 vel
2414 3498 2573 3552 unius

1548 3574 1780 3629 oaudicis
1808 3574 2225 3631 crassitudinem
2280 3594 2350 3629 ιι
2401 3596 2568 3648 saepe,

1547 3674 1616 3709 xi.
1634 3656 1871 3733 crebrius
1908 3674 2088 3727 passus
2116 3664 2363 3727 aequa're:
2390 3656 2473 3709 καὶ
2514 3658 2571 3711 τὸ

1548 3735 1709 3803 πάχος
1746 3740 1831 3789 τοῦ
1864 3738 2092 3804 ςελὲχους
2135 3736 2239 3789 ἔνια.
2264 3736 2492 3791 πλειόνων
2535 3736 2570 3793 ’ἢ

1549 3814 1781 3879 ἑξήκοντα
1810 3818 2069 3887 βημάτων,
2106 3814 2171 3869 τὰ
2190 3812 2248 3870 δί
2267 3814 2428 3869 πολλὰ
2452 3836 2567 3869 τετ-

1548 3896 1848 3965 ταράκοντα.
1874 3888 2190 3968 Quanquam
2211 3915 2320 3948 non
2340 3914 2458 3947 sum
2479 3904 2573 3948 ne‘-

1550 3974 1687 4026 scius
1730 3989 1783 4029 et
1822 3974 2014 4046 pedem
2064 3978 2204 4047 βῆμα
2232 3974 2564 4045 significare·
2548 4016 2564 4029 .
