2850 4684
427 729 454 773 Σ

503 346 653 419 230

1025 351 1105 418 c,
1158 351 1501 423 num
1552 350 1777 421 NAT.
1832 310 2086 419 ms'T.

497 480 733 551 scabro
755 480 1056 577 quidem,
1085 480 1206 569 sed
1237 484 1352 578 qui
1382 466 1927 579 drmmgelatus⁶
1952 480 2165 551 videri
2192 422 2405 577 possit
2416 508 2437 567 ς
2484 497 2625 554 tam

377 614 386 623 “
494 588 694 665 tristis
725 586 1043 683 adspectu
1071 584 1202 659 est!

598 695 786 763 XLI.
845 692 1092 765 Similis
1143 709 1214 765 et
1267 694 1579 789 coccygia
1616 692 1775 765 folio
1786 692 1833 782 ¹,
1876 692 2330 789 magnitudine
2374 696 2622 764 minor.

489 801 968 895 Proprietatem
984 797 1005 825 ²
1057 800 1261 871 habet
1307 801 1600 880 fructum
1640 800 1989 869 amittendi
2042 798 2358 930 lanugine
2394 790 2625 895 (pap-

489 930 652 1001 pum
681 894 972 997 vocant)
999 957 1022 992 ‚
1049 906 1230 1000 quod
1265 906 1430 977 nulli
1468 906 1581 977 alii
1618 907 1935 976 arborum
1972 906 2194 975 evenit
2228 956 2246 973 .
2276 902 2521 977 Similis
2550 922 2625 976 et

489 1011 776 1105 apharce
789 998 838 1100 ⁴,
867 1010 1084 1085 bifera
1123 1038 1308 1108 aeque
1343 1037 1544 1109 quam
1586 1012 1940 1089 andrachne,
1976 1012 2278 1081 Priorem
2320 1011 2626 1083 fructum

489 1117 844 1212 incipiente
873 1116 1234 1214 pubescere
1259 1143 1390 1189 uva
1419 1132 1785 1216 peragunt,
1820 1117 2101 1188 alterum
2126 1117 2316 1195 initio
2342 1118 2622 1189 hiemis:

487 1222 714 1323 quales
743 1249 887 1313 eos,
915 1248 1052 1295 non
1095 1225 1396 1297 traditur.
1432 1222 1435 1226 ’

595 1331 814 1399 XLII.
869 1332 964 1407 Et
1021 1329 1300 1409 ferulam
1347 1334 1525 1411 inter
1574 1344 1883 1409 externas
1926 1329 2175 1401 dixisse
2219 1331 2575 1401 conveniat
2598 1384 2620 1419 ,

491 1587 584 1658 πρὸ
624 1586 763 1643 ἡλίου
807 1592 999 1657 τροπῶν
1021 1625 1039 1653 ,
1087 1584 1238 1640 initio
1281 1584 1474 1649 hiemis
1490 1627 1508 1653 ‚

491 1676 642 1719 taxus
682 1676 734 1718 et
785 1665 928 1719 abies
996 1664 1190 1719 florent
1234 1666 1515 1738 paululum

493 1756 614 1809 ante
655 1744 918 1799 brumam.
967 1746 1176 1799 Diuo.
1209 1778 1291 1789 —
1323 1746 1517 1800 Cortice

494 1840 591 1874 non
633 1824 804 1875 scabro
853 1824 1042 1897 quidem
1058 1864 1073 1891 ,
1112 1825 1200 1877 sed
1249 1828 1362 1899 qui,
1413 1838 1514 1879 etc.

492 1902 668 1955 Immo
709 1902 829 1956 laevi
845 1942 860 1967 ‚
892 1906 1026 1976 λείῳ.
1069 1904 1346 1977 Theophr‚
1389 1906 1514 1958 loco

495 1980 686 2047 citato,
712 1995 768 2035 et
795 1982 990 2038 Histor.
1019 1984 1247 2057 plantor.
1273 1984 1369 2038 lib.
1401 1984 1516 2051 IX,

496 2078 612 2131 cap.
641 2067 692 2124 4.
719 2060 904 2115 Hmn.
1147 2122 1154 2131 ‚

579 2142 611 2191 6
621 2177 634 2191 .
659 2139 1058 2211 Circumgaelatus.
1074 2144 1514 2213 Περιπηγνὺμενον,

495 2217 884 2288 Theophrasto.
955 2220 1188 2273 Arbores
1243 2222 1518 2291 πήγνυσθαι.

496 2295 778 2362 dicuntur,
799 2315 915 2369 quae
933 2296 1202 2351 laeduntur
1223 2300 1370 2370 gelu,
1389 2318 1521 2371 qua·

494 2395 619 2431 rum
639 2376 816 2430 hieme
834 2388 1016 2429 cortex
1037 2379 1325 2449 rumpitur.
1345 2376 1521 2450 Hujus

499 2474 626 2509 vero
669 2475 779 2508 non
809 2455 982 2509 hieme
1001 2494 1018 2522 ,
1056 2454 1148 2509 sed
1179 2469 1329 2511 aetate
1367 2456 1524 2511 findi-

496 2548 603 2593 tur.
630 2536 816 2593 Hm».

575 2614 720 2669 XLI.
751 2638 798 2669 1.
823 2612 1005 2667 Similis
1026 2627 1075 2667 ec
1091 2620 1357 2690 coggygn'a
1369 2616 1517 2691 [οὔθ’.

501 2695 790 2765 Exemplar
835 2694 1153 2747 Toletanum
1175 2736 1192 2759 ,
1245 2694 1427 2749 Similis
1474 2708 1524 2749 et

499 2780 712 2845 coccigia
727 2775 874 2841 solio.
902 2774 1089 2829 Scribo
1103 2814 1120 2841 ,
1145 2776 1311 2827 similis
1348 2788 1398 2827 et
1419 2795 1523 2828 coc-

500 2856 719 2927 «.Jmeleoe
729 2854 879 2921 solia,
897 2853 952 2907 id
973 2866 1074 2919 est,
1083 2858 1232 2925 pruni
1239 2876 1260 2907 .·
1282 2855 1356 2909 sic
1376 2854 1522 2909 enim

501 2933 892 3003 coceymeleam
940 2951 1101 3004 supra
1148 2954 1258 2988 esse
1302 2934 1488 2989 scribit
1508 2972 1523 2999 ,

502 3012 843 3084 fructumque
874 3012 986 3083 ejus
1017 3012 1072 3065 in
1099 3032 1306 3087 pappos
1339 3016 1487 3068 abire
1506 3052 1523 3079 ,

503 3102 565 3144 ut
583 3091 760 3142 nullus
777 3091 1008 3162 supersit
1026 3088 1344 3147 dubitationi
1359 3094 1526 3147 locus.

505 3171 665 3223 Pm‘r.
705 3198 787 3211 --
821 3168 1079 3242 Coccygia.
1130 3172 1215 3227 Sic
1257 3173 1413 3227 etiam
1468 3174 1525 3226 iu

506 3246 691 3302 Indice
741 3248 990 3302 scribitur
1007 3290 1023 3313 ,
1073 3270 1182 3304 non
1238 3256 1524 3327 coggygria.

505 3324 630 3383 Hes.
667 3328 889 3394 Κόκκυξ,
929 3346 1086 3399 quam
1118 3350 1219 3402 pro
1245 3351 1342 3384 suo
1377 3352 1527 3385 more

509 3406 720 3473 βοτάνην
748 3420 917 3461 vocat.
945 3408 1124 3462 Hum.
1151 3444 1230 3454 —
1257 3412 1390 3464 Rhus
1413 3415 1529 3464 coti-

509 3506 598 3537 πω
615 3520 633 3548 ,
667 3486 822 3539 nobis
835 3488 994 3553 sustet
1030 3478 1051 3557 (
1065 3488 1302 3542 Pentand.
1343 3494 1524 3561 trigyn.

509 3584 629 3637 gen.
659 3568 798 3635 726,
823 3566 964 3619 Pers.
1001 3568 1328 3621 Terebintlaac.
1351 3570 1385 3621 J
1389 3566 1528 3632 uss.)

511 3643 728 3698 Habitat
757 3644 820 3697 in
859 3646 1178 3699 Lombardia
1197 3687 1212 3714 ,
1237 3641 1490 3701 ¹Carniola
1508 3688 1525 3712 ,

509 3722 747 3777 Helvetia
763 3763 778 3788 ‚
806 3725 1014 3778 Austris
1029 3764 1046 3792 ,
1065 3725 1281 3791 Sibis-ia,
1305 3740 1402 3780 etc.
1418 3728 1521 3779 En.

593 3822 643 3857 a.
687 3803 1050 3875 Prope-letalem.
1095 3804 1367 3877 Theophr.
1418 3807 1521 3861 loc.

511 3882 598 3935 cit.
619 3874 748 3937 Ῐδιον
770 3880 830 3937 δὲ
851 3886 950 3953 ἔχει
969 3886 1052 3937 καὶ
1070 3886 1125 3939 τὸ
1143 3888 1524 3939 ἑκπαπποῦσθαι

511 3966 592 4015 τὸν
615 3966 818 4034 καρπόν.
853 3992 876 4014 ι
898 3964 1169 4020 Peculiare
1189 3966 1244 4019 in
1267 3964 1364 4035 hac
1379 4004 1394 4033 ,
1419 3966 1526 4019 fru-

1597 1598 1745 1641 ctum
1768 1582 2018 1656 lanugine
2032 1623 2050 1654 ,
2074 1602 2191 1657 qun
2224 1602 2433 1656 pappus
2466 1604 2627 1639 vocn-

1600 1678 1715 1732 tur,
1739 1665 1975 1722 interire.
2004 1690 2027 1712 a·
2066 1664 2397 1734 Lanuginem
2423 1682 2455 1717 e
2474 1664 2627 1719 flori-

1599 1745 1701 1799 bus
1722 1784 1741 1813 ‚
1784 1743 2107 1798 fructibusve
2156 1740 2472 1807 deciduam,
2516 1757 2626 1797 tam

1600 1824 1774 1879 Graeci
1796 1842 1955 1896 quam
1974 1822 2403 1894 Latini-pappum
2422 1822 2625 1878 dixere.

1601 1904 1783 1957 nnn.
1807 1934 1888 1947 —
1904 1902 2167 1974 Coccygia
2186 1921 2295 1955 non
2319 1901 2479 1955 habet
2500 1922 2629 1975 pro-

1601 1984 1877 2055 prietatem
1892 1982 2145 2034 amittendi
2148 1982 2363 2049 fructum
2376 1982 2626 2053 lanugine,

1600 2081 1701 2115 nec
1718 2062 1811 2115 uui
1826 2062 2105 2126 arborum,
2125 2079 2283 2133 quam
2300 2063 2628 2125 noverimus,

1603 2142 1708 2195 tale
1752 2138 1884 2213 quid
1927 2138 2162 2197 accidere
2208 2138 2411 2195 credas.
2458 2142 2629 2195 Rbois

1605 2220 1786 2275 Cotini
1806 2219 2030 2284 semina,
2047 2217 2222 2290 quoad
2247 2233 2627 2285 maturescunt,

1603 2298 2035 2371 pedunculos-um
2066 2298 2312 2369 lanugine
2346 2301 2515 2371 magis
2548 2316 2627 2354 at-

1604 2396 1709 2450 que
1735 2379 1899 2449 magis
1930 2380 2139 2431 obtecta
2166 2378 2331 2431 latent
2351 2418 2368 2443 ,
2402 2398 2514 2432 non
2543 2382 2628 2433 in·

1604 2469 1834 2511 tex-eunt.
1854 2446 2249 2511 ἐκπαπποῦσθαι
2276 2456 2383 2511 dici
2404 2474 2628 2530 possunt

1605 2538 1763 2601 salix,
1790 2537 2053 2607 populus,
2085 2535 2318 2601 nerium,
2350 2550 2453 2591 etc.
2490 2558 2627 2611 quo-

1603 2635 1729 2669 rum
1766 2615 1977 2669 fructus
2013 2615 2262 2687 lanugine
2306 2615 2627 2673 circumvol-

1605 2708 1805 2749 vuntur
1820 2735 1836 2761 ,
1860 2714 1961 2748 nec
1983 2707 2159 2747 tamen
2183 2694 2241 2747 in
2268 2714 2477 2767 pappo.
2514 2716 2629 2753 eva.

1605 2786 1846 2830 nescunt.
1876 2776 1980 2827 En.

1691 2854 1743 2908 3.
1771 2852 1915 2907 Nulli
1941 2854 2029 2905 alii
2064 2852 2285 2906 arborum
2310 2860 2483 2910 evenit.
2510 2858 2627 2911 Hoc

1607 2933 1777 2998 salici,
1799 2934 2002 3006 populo
2016 2972 2034 2997 ‚
2058 2933 2210 2987 nerio
2238 2933 2485 2987 similiter
2508 2954 2629 2990 con·

1608 3014 1779 3085 tingit.
1805 3011 1964 3083 Apud
1990 3012 2419 3085 Theophrastum
2443 3016 2629 3071 vitiose

1606 3092 1798 3163 legitur
1826 3090 2153 3162 Coccymelea.
2182 3094 2386 3147 nimo.
2399 3096 2634 3165 -Qund

1609 3174 1732 3225 nulli
1758 3173 1861 3225 alii.
1894 3172 1982 3225 Sic
2014 3172 2365 3242 Theophrast.
2400 3174 2502 3228 loc.
2540 3177 2627 3229 cit.

1611 3251 1794 3305 Simile
1834 3250 2090 3323 quiddam
2138 3264 2313 3305 tamen
2366 3252 2425 3305 in
2474 3255 2629 3309 salice

1609 3330 2117 3401 animadvertimus:
2158 3330 2395 3384 fructum
2429 3334 2629 3389 scilicet

1610 3408 1666 3463 in
1700 3428 1939 3481 pappum
1976 3429 2303 3465 evanescere.
2334 3411 2519 3469 Hum-
2552 3446 2629 3458 —-

1610 3488 1738 3542 vid.
1765 3501 1879 3542 not.
1907 3508 2083 3561 super.
2107 3490 2209 3541 En.

1698 3576 1749 3632 4.
1793 3567 1973 3621 Similis
2010 3581 2060 3621 et
2088 3570 2307 3641 apltarce.
2354 3572 2627 3645 Theophr-

1610 3646 1743 3701 Hist.
1771 3647 1866 3701 lib.
1896 3650 2009 3713 111,
2036 3667 2150 3721 cap·
2184 3654 2217 3705 6
2244 3667 2257 3701 ;
2282 3641 2521 3722 Ᾰδράχνῃ
2551 3657 2629 3707 καὶ

1612 3728 1801 3799 &pipam
1819 3765 1834 3790 ,
1882 3742 1982 3779 etc.
2030 3728 2209 3781 Haun.
2257 3760 2337 3771 -—
2384 3730 2633 3804 Phyllei-eu

1612 3808 1925 3877 angustesolia
1936 3804 2169 3869 (Diandr.
2186 3827 2377 3879 morlog.
2392 3829 2515 3881 gen.
2540 3814 2571 3867 3
2580 3817 2631 3877 6,

1613 3886 1755 3939 Pers.
1782 3886 1988 3939 Jasmin.
2016 3887 2049 3939 J
2055 3882 2179 3947 uss.)
2205 3887 2423 3943 Habitat
2458 3892 2515 3945 in
2540 3894 2631 3945 Hi..

1613 3968 1793 4037 spania
1815 4006 1832 4034 ,
1852 3966 2001 4021 Italia
2018 4005 2033 4032 ,
2060 3968 2285 4021 Atlante.
2316 3968 2420 4022 En.
