2850 4684
503 374 594 460 84

1035 374 1112 442 C.
1168 371 1500 441 PLINII
1548 373 1759 442 NAT.
1806 372 2065 441 HIST.

501 510 618 578 uni
657 523 984 577 terrarum
1017 508 1056 574 J
1060 502 1300 576 udaeae
1339 529 1781 594 concessum,
1840 493 2226 601 quondam³
2268 506 2341 576 in
2378 507 2649 578 duobus

499 630 760 686 tantum
827 614 1075 699 hortis,
1119 624 1404 706 utroque
1466 613 1703 707 regin,
1742 611 2019 682 altero
1994 637 2309 708 jugerum
2360 639 2449 683 xx
2504 639 2649 684 nou

499 720 827 816 amplius,
862 718 1070 789 altero
1095 719 1506 814 pauciorum.
1536 718 1911 789 Ostendere
1950 707 2425 790 arbusculam⁴
2466 721 2647 791 hanc

499 828 673 899 Urbi
712 831 1157 921 Imperatores
1190 826 1633 920 Vespasiani·
1680 824 2067 920 clarumque
2102 826 2325 913 dictu,
2370 852 2411 896 a
2447 830 2649 898 Pom-

497 937 652 1031 peio
681 935 985 1028 Magno
967 959 1034 1002 ιιι
1063 932 1407 1026 triumpho
1434 933 1705 1002 arbores
1742 955 2005 1027 quoque
2026 919 2401 1004 duximus‘fi
2426 937 2651 1005 Ser-vit

495 1067 678 1111 nunc
705 1041 893 1128 haec,
921 1054 990 1109 et
1017 1039 1271 1108 tributa
1305 1038 1539 1133 pendit
1564 1063 1719 1108 cum
1746 1063 1868 1108 sua
1904 1053 2140 1134 gente,
2166 1041 2237 1109 in
2270 1054 2487 1110 totum
2516 1041 2649 1112 alia

497 1163 766 1234 natura,
803 1172 1005 1242 quam
1040 1147 1252 1215 nostri
1290 1147 1679 1239 externique
1722 1145 2168 1276 prodiderant.
2216 1148 2487 1244 Quippe
2526 1151 2645 1219 viti

498 1253 772 1326 similior
811 1268 948 1341 est,
985 1277 1187 1347 quam
1233 1267 1471 1346 myrto.
1508 1237 1884 1321 Malleolis⁶
1920 1255 2051 1322 seri
2087 1252 2371 1340 dicitur,
2426 1280 2651 1352 nuper

582 1645 635 1678 ς.
658 1624 760 1678 Um'
775 1637 1007 1676 terrarum
1021 1622 1230 1676 Judoeoe.
1262 1621 1333 1674 Et
1361 1625 1527 1695 AEgy·

498 1716 616 1777 pto,
635 1705 818 1758 Diosc.
849 1704 1041 1757 Strabo
1065 1703 1160 1756 lib.
1189 1703 1348 1767 XVI,
1370 1703 1531 1756 silve-

499 1797 606 1838 stre
651 1784 800 1837 nasci
839 1781 1000 1836 tradit
1039 1783 1097 1835 in
1127 1782 1409 1835 maritimis
1434 1781 1529 1835 Sa·

499 1865 762 1918 beorum.
778 1863 1063 1917 Pausanias
1077 1863 1132 1916 in
1153 1863 1401 1916 Boeoticis
1411 1863 1530 1916 bala

502 1944 634 1997 sami
666 1943 882 1997 arbores
917 1943 976 1996 in
1002 1943 1201 1996 Arabia
1243 1940 1501 1995 describit
1516 1981 1533 2011 ,

501 2035 805 2096 myrtorum
822 2022 1190 2094 magnitudine
1203 2061 1218 2088 ‚
1233 2020 1375 2074 foliis
1387 2041 1533 2074 ama·-

503 2103 632 2156 raci.
667 2105 868 2157 Dsnzc.
892 2133 974 2148 —-
1006 2103 1109 2154 Uni
1132 2115 1326 2155 terram.
1357 2101 1535 2154 Theo—

504 2183 708 2256 phrast.
735 2183 869 2236 Hist.
901 2181 1080 2235 Plant.
1100 2182 1214 2245 lx,
1233 2187 1286 2234 6.
1314 2180 1536 2234 Diosco-

503 2259 639 2316 ridis
663 2280 779 2315 nvo
805 2261 962 2314 etiam
997 2260 1052 2313 in
1078 2264 1311 2333 AEgypto
1349 2279 1533 2314 nasce-

505 2343 696 2407 batur,
718 2343 836 2412 ipso
873 2338 930 2393 id
959 2339 1299 2411 prodentel,
1345 2342 1439 2394 18.
1466 2342 1535 2394 In

509 2421 772 2488 officinis,
811 2421 855 2472 le
890 2419 1059 2473 haume
1091 2420 1233 2472 blanc
1276 2419 1337 2471 de
1360 2420 1533 2474 luda.

509 2499 616 2555 sed
635 2502 724 2554 vix
744 2499 931 2554 haberi
961 2513 1163 2572 potest,
1199 2499 1300 2558 nisi
1327 2498 1539 2554 adulte·

509 2582 716 2636 riuum.
747 2581 934 2634 Ham).

597 2663 649 2716 3.
681 2661 957 2732 Quondam.
980 2661 1122 2714 Dum
1139 2677 1367 2732 regnum
1391 2660 1428 2713 J
1430 2659 1539 2714 uda

509 2753 671 2795 staret
710 2761 726 2798 ι
773 2743 886 2797 sive
935 2757 1104 2812 usque
1147 2739 1218 2793 ad
1255 2752 1465 2811 captam
1504 2759 1538 2794 a

509 2819 1040 2876 Nabuchodonosore
1057 2821 1090 2872 J
1093 2819 1302 2872 udoeam
1331 2839 1346 2872 ε
1371 2819 1459 2872 vel
1484 2831 1538 2872 et

510 2901 612 2953 sub
638 2899 872 2954 Herode.
903 2899 1086 2953 Eun.

597 2985 650 3042 4.
712 2979 1054 3032 Arbusculam.
1111 2977 1265 3031 MSS.
1315 2996 1501 3032 omnes
1518 3019 1537 3045 ,

509 3058 640 3128 Reg-
672 3059 912 3112 Colbert.
940 3057 1106 3111 Paris.
1131 3055 1368 3112 Chifflet.
1391 3059 1533 3111 arbu-

512 3149 628 3192 tum.
646 3136 831 3192 Hnm.

598 3217 651 3271 5.
686 3217 947 3270 Duximus.
991 3217 1056 3271 In
1104 3217 1262 3272 MSS.
1307 3218 1533 3274 diximus.

513 3297 690 3369 Supra
716 3314 836 3369 cap.
862 3315 919 3366 9,
949 3299 1180 3351 ebenum
1209 3298 1456 3351 arbonem
1476 3299 1536 3352 in

509 3375 874 3446 Mithridatico
883 3377 1160 3449 triumpho
1167 3379 1352 3432 Rome
1363 3389 1535 3432 osten·

510 3475 622 3512 sam
649 3476 679 3510 a
699 3457 958 3530 Pompeio
980 3455 1135 3510 dixit.
1151 3455 1334 3510 Haan.

593 3541 650 3591 6.
679 3537 924 3590 Malleolis
945 3541 1043 3589 seri
1063 3537 1258 3591 dicitur.
1291 3537 1532 3592 Ramulis

509 3635 578 3672 ex
601 3616 768 3688 stirpe
790 3616 1004 3685 decisis,
1025 3629 1080 3670 et
1113 3617 1172 3670 in
1206 3631 1403 3671 terram
1444 3614 1533 3670 de-

507 3697 676 3751 fossis.
700 3697 842 3750 Galli
860 3697 1143 3758 malleolos,
1155 3697 1238 3748 des
1255 3708 1521 3760 mamona,

505 3776 767 3831 malleolis
785 3795 976 3842 serem,
992 3788 1266 3843 mar-coner,
1273 3779 1437 3848 vulgo
1448 3775 1533 3829 di-

505 3869 652 3911 cunt.
679 3855 853 3910 Habet
883 3856 1000 3910 11ae0
1031 3857 1246 3911 Solinus
1282 3875 1531 3930 quoque,

502 3954 621 4008 cap.
647 3955 805 3991 xxxv,
827 3935 1007 3992 Hui).

585 4035 642 4088 7.
693 4017 865 4090 Nuper
894 4019 1120 4074 vineta...
1163 4017 1330 4088 implet
1363 4017 1523 4070 eolla.

408 1379 424 1396 ⁹
498 1359 786 1448 vincta⁷,
801 1373 900 1428 ut
929 1360 1126 1428 vitis:
1169 1373 1240 1428 et
1271 1357 1509 1454 implet
1544 1357 1747 1428 colles
1788 1359 2141 1430 vinearum
2158 1307 2451 1450 ⁸modo‚
2494 1387 2652 1458 quae

1617 1623 1991 1697 Dalecampius
2020 1625 2179 1696 legit,
2222 1637 2274 1677 ee
2310 1645 2437 1680 nunc
2479 1629 2655 1702 implet

1618 1703 1761 1756 colles
1794 1708 2045 1757 vinearum
2073 1705 2215 1758 modo
2229 1744 2246 1770 ,
2281 1718 2383 1761 etc.
2434 1708 2652 1781 inepte,

1594 1783 1767 1855 quasi
1795 1802 1906 1837 non
1926 1796 1981 1838 et
2004 1796 2127 1838 ante
2146 1785 2425 1840 victoriam
2440 1789 2649 1844 Roma·

1616 1881 1811 1916 norum
1836 1864 1998 1918 colles
2017 1864 2268 1934 impleret
2292 1866 2511 1921 balsami
2536 1871 2652 1923 fiu-

1618 1955 1729 1997 tex.
1760 1941 2021 1997 Pracedit
2049 1963 2063 1997 :
2096 1946 2267 2015 quippe
2306 1951 2407 1999 viti
2442 1950 2653 2002 similior

1618 2042 1761 2094 quam
1782 2035 1941 2096 myrto
1963 2024 2197 2076 malleolis
2216 2029 2313 2079 seri
2328 2027 2525 2096 dicitur,
2558 2049 2651 2082 ms·

1613 2122 1706 2172 per
1727 2105 1915 2169 vincta,
1938 2115 1995 2154 ut
2018 2107 2167 2157 vitis.-
2195 2105 2307 2172 hine
2327 2107 2485 2161 falsa:
2517 2127 2649 2163 nam

1620 2182 1859 2253 sequitur
1882 2201 1899 2236 .·
1943 2195 1995 2235 et
2019 2185 2182 2255 implet
2208 2187 2353 2238 eolles
2390 2190 2649 2242 vineam

1622 2261 1763 2314 modo
1777 2300 1793 2329 ,
1824 2281 1933 2336 quoe
1970 2267 2073 2316 sine
2104 2265 2407 2320 adminiculis·
2440 2288 2492 2320 se
2526 2273 2649 2342 ipso

1621 2345 1879 2396 see-stiuam.
1874 2363 1885 2376 ·
1904 2343 1947 2397 si
1968 2343 2083 2397 sine
2097 2342 2437 2400 adminiculis
2458 2349 2647 2421 seipsa

1622 2421 1846 2476 sustinet
1874 2422 1989 2477 boec
2017 2423 2322 2489 arbuscula,
2350 2427 2485 2499 quid
2506 2447 2648 2500 opus

1622 2518 1737 2554 eam
1759 2501 1990 2556 vinciri?
2010 2503 2205 2557 frustm
2220 2506 2505 2572 vinciatur,
2524 2528 2647 2581 qum

1624 2579 2092 2636 adminiculatione
2138 2603 2252 2638 non
2291 2591 2426 2657 eget.
2468 2587 2642 2643 Sam.

1620 2689 1702 2704 ω-
1733 2661 2191 2732 Nuper-vincta.1n
2216 2664 2371 2720 MSS.
2402 2668 2535 2740 Reg-
2558 2689 2647 2722 nu·-

1614 2760 1709 2812 per
1734 2741 1883 2794 dicta.
1920 2743 2157 2814 Antiqua
2198 2762 2364 2799 manu
2398 2748 2647 2803 emenda·

1622 2833 1737 2874 tum
1770 2821 1828 2874 in
1852 2821 1973 2875 cod.
2006 2823 2135 2894 Reg.
2175 2830 2399 2890 2‚vicea.
2422 2829 2487 2880 In
2506 2827 2641 2884 edit.

1620 2899 1884 2972 principe,
1895 2903 2071 2972 juncta
2086 2923 2110 2965 ,·
2136 2903 2286 2958 unde
2313 2907 2449 2960 male
2468 2927 2645 2964 emen-

1621 2978 1805 3033 datum
1824 2982 1881 3034 in
1898 2993 2121 3036 recentt.
2148 2983 2303 3039 editt.
2318 2990 2503 3043 vincta.
2518 2989 2645 3044 Sine

1622 3059 1959 3114 adminiculis
1974 3099 1990 3125 ,
2031 3062 2149 3117 sine
2190 3065 2419 3120 vinculis
2460 3087 2517 3122 se
2556 3089 2641 3124 su-

1622 3140 1783 3194 stinet
1800 3141 2093 3196 balsamum
2120 3161 2138 3198 z
2176 3156 2231 3197 at
2263 3163 2439 3218 nuper
2468 3167 2497 3202 a
2534 3151 2641 3204 Ro·

1620 3220 1793 3273 manis
1806 3233 1917 3274 erat
1928 3223 2189 3289 vinetum,
2204 3235 2265 3278 ut
2286 3227 2564 3296 malleolis,
2577 3231 2642 3284 In

1623 3311 1893 3370 mas-coetos,
1904 3314 2187 3370 sereretur,
2202 3317 2256 3357 et
2275 3308 2447 3378 major
2464 3310 2642 3364 citior·

1618 3397 1727 3451 que
1752 3394 1887 3436 esset
1910 3395 2217 3453 proventus.
2244 3385 2414 3440 Bnor.

1702 3461 1755 3514 8.
1774 3461 1830 3514 E
1831 3473 1854 3513 t
1866 3463 2029 3532 implet
2046 3463 2190 3516 colles
2204 3467 2457 3520 vitrearum
2486 3471 2635 3526 modo.

1619 3541 1727 3603 Et,
1752 3540 1797 3594 si
1836 3560 1953 3595 non
1988 3542 2291 3610 vinciatur,
2332 3566 2389 3600 se
2430 3549 2546 3622 ipsa
2584 3552 2636 3605 in

1618 3619 1845 3674 collibus
1872 3622 2132 3688 sustinet,
2162 3643 2265 3678 nec
2296 3625 2639 3686 adminicula-

1620 3698 1769 3753 tione
1786 3713 1921 3772 eget.
1949 3703 1985 3756 J
1988 3703 2220 3771 ustmus
2240 3703 2337 3759 lib.
2366 3708 2641 3779 xxxw,

1619 3797 1736 3852 cap.
1773 3781 1827 3846 3,
1850 3783 1911 3835 in
1934 3782 2213 3837 vinearum
2242 3805 2448 3840 morem
2474 3792 2639 3844 excoli

1616 3857 1875 3942 prodidit.
1906 3862 2165 3916 Solinus:
2203 3865 2363 3920 «Jam
2384 3869 2545 3923 nobis
2566 3872 2636 3924 la-

1614 3927 1807 4072 {issimi
1865 3941 2027 3996 colles
2074 3941 2271 3998 sudant
2322 3947 2628 4004 balsama.

1667 4037 1778 4074 Λιιυ
