2850 4684
464 270 606 349 318
953 340 956 345 .
1007 272 1087 343 C.
1138 270 1477 343 PLINII
1524 272 1733 343 NAT.
1786 272 2032 343 HIST.

463 412 660 483 sium.
680 421 878 479 vocat
888 391 936 475 ⁴.
989 405 1110 473 His
1163 402 1417 474 addidit
1463 403 1779 475 lesbium
1796 390 1821 430 ⁵
1881 403 2258 475 Erasistrati
2320 406 2631 474 maximi

463 516 708 588 medici
735 512 1128 598 auctoritas,
1163 511 1427 579 circiter
1465 496 1800 581 CCCCL⁶
1836 532 2083 579 annum
2125 510 2309 579 urbis
2338 512 2626 581 Romae.

465 623 666 692 Nunc
707 621 916 715 gratia
947 632 1101 685 ante
1137 617 1364 685 omnia
1399 632 1501 687 est
1526 615 1953 687 Clazomenio
1966 616 2017 703 ⁷,
2059 630 2419 711 postquam
2454 642 2627 711 par·

466 730 607 798 cius
649 727 816 797 mari
867 722 1208 794 condiunt.
1266 722 1581 793 Lesbium
1632 738 1867 819 sponte
1923 738 2177 793 naturae
2206 745 2365 791 ..ωε
2418 746 2633 793 mare

468 836 657 929 sapit.
685 835 830 903 Ne'c
855 828 1123 900 Tmoliti
1157 852 1278 923 per
1315 854 1386 899 se
1413 830 1625 923 gratia
1636 816 1685 917 ⁸,
1716 842 1793 897 ut
1820 832 1979 898 vino
2010 854 2027 897 ε
2056 829 2171 897 sed
2200 828 2395 921 cujus
2428 828 2631 899 dulci

469 936 822 1027 admixto⁹,
871 934 1276 1029 reliquorum
1325 934 1571 1006 duritia
1617 936 2007 1007 suavitatem
2052 935 2363 1029 accipiat,
2410 934 2629 1003 simul

404 1083 433 1116 2
470 1060 542 1117 et.
577 1059 834 1115 aetatem
855 1094 874 1125 ,
910 1041 1222 1137 quoniam
1255 1044 1623 1113 vetustiora
1658 1043 1961 1137 protinus
1987 1040 2319 1111 videntur.
2353 1040 2471 1109 Ab
2512 1041 2625 1111 his

475 1152 769 1247 dignatio
809 1164 909 1217 est
955 1138 1262 1242 Sioyonio
1279 1144 1351 1235 ¹⁰,
1387 1148 1668 1243 Cyprio,
1713 1146 2081 1217 Telmesioo
2100 1194 2121 1233 ,
2172 1144 2583 1241 Tripolitioo
2601 1197 2626 1234 ,

468 1258 732 1354 Berytio
749 1309 770 1345 ,
789 1255 1024 1349 Tyrio,
1049 1253 1509 1348 Sebennytico,
1546 1256 1629 1325 In
1652 1256 1939 1349 AEgypto
1974 1253 2105 1324 hoo
2144 1254 2447 1347 nascitur
2490 1254 2625 1322 tri-

555 1506 612 1565 4.
655 1498 835 1564 Vocat.
865 1492 990 1547 Dal.
1013 1504 1211 1545 vocant.
1253 1492 1490 1546 Annium
1582 1504 1694 1559 est,
1732 1492 2005 1547 Tmoliten
2037 1502 2093 1546 et
2132 1492 2429 1565 mesogiten
2468 1492 2619 1547 ide-

473 1581 644 1634 Turn.
665 1575 857 1639 XXV,
879 1590 1000 1643 cap.
1030 1575 1132 1637 26,
1159 1589 1286 1643 agro
1310 1591 1497 1645 aspero
1582 1574 1769 1628 vinum
1815 1588 1955 1639 ωας
1995 1573 2175 1627 Plinio
2219 1572 2431 1627 diversa
2450 1610 2472 1639 ,
2522 1574 2619 1645 qni

475 1672 528 1714 et
555 1658 884 1727 importuoso
915 1652 1098 1705 insula.-
1124 1651 1265 1705 Chii.
1283 1652 1501 1721 Strabo,
1582 1654 1746 1726 paulo
1778 1664 1901 1725 post
1940 1650 2008 1705 de
2043 1654 2297 1723 mesogite
2336 1666 2621 1727 tamquam

346 1730 358 1735 ”
476 1739 572 1792 lib.
605 1734 758 1789 XIV.
785 1730 1047 1803 Virgilius
1075 1730 1132 1783 in
1163 1748 1339 1803 super.
1370 1744 1501 1786 nota
1585 1730 1793 1786 diverso
1817 1730 2089 1803 loquitur3
2118 1732 2405 1785 subscribit
2438 1732 2617 1787 Plinio

479 1819 707 1871 citatus:
744 1838 768 1864 ι
790 1813 934 1865 Vina
960 1810 1180 1865 fundam
1201 1811 1410 1866 Arvisia
1435 1836 1461 1861 2
1484 1828 1499 1865 z
1588 1812 1777 1867 Strabo
1802 1812 1899 1865 lib.
1921 1812 1992 1863 V.
2012 1812 2254 1865 Ptar.--
2264 1812 2371 1865 Noe
2392 1814 2612 1865 Tmoliti.

480 1894 721 1968 quamvis
774 1892 940 1963 aliqui
987 1892 1168 1963 legant
1218 1891 1501 1944 Arethusia.
1591 1894 1638 1945 A
1660 1891 1858 1945 Tmolo
1886 1904 2066 1944 monte
2082 1930 2098 1957 ,
2125 1890 2193 1943 de
2212 1910 2320 1963 quo
2336 1891 2435 1944 lib·
2465 1896 2541 1957 V,
2562 1912 2613 1945 c.

479 1976 650 2046 Hujus
677 1972 918 2025 meminit
943 1970 1188 2025 Clemens
1211 1970 1360 2024 Alex.
1396 1988 1507 2043 pn·
1595 1970 1683 2025 3ο.
1726 1970 1931 2024 Vinum
1970 1970 2227 2031 Tmolites
2274 1972 2617 2026 commendat

483 2052 672 2125 dagog.
690 2052 765 2111 11,
791 2068 912 2121 cap.
943 2069 971 2102 a
991 2068 1009 2115 ς
1030 2048 1298 2104 Plutarch.
1317 2048 1507 2103 adver·
1592 2050 1903 2113 Vitruvius,
1928 2048 2022 2101 lib.
2052 2050 2216 2116 VIII,
2246 2068 2365 2122 etp.
2395 2052 2427 2105 3
2450 2084 2467 2114 ,
2496 2070 2613 2123 pag.

483 2152 570 2187 sus
594 2132 922 2201 Epicurum3
947 2126 1255 2193 Victorius,
1286 2125 1425 2193 XV,
1456 2145 1504 2183 c.
1602 2133 1729 2183 161.
1778 2128 1931 2183 Idem
1966 2128 2177 2201 Lydiam
2230 2131 2487 2185 Tmoliten.
2528 2132 2617 2185 Sic

487 2218 581 2275 aa.
601 2209 814 2263 Servius
831 2204 974 2277 apud
988 2204 1181 2275 Virgil.
1204 2202 1402 2279 Georg.
1421 2206 1509 2271 11,
1595 2209 1739 2263 euim
1771 2207 2085 2281 legendum,
2130 2228 2239 2263 nou
2270 2208 2477 2265 Malieon
2492 2250 2511 2277 ,
2554 2222 2617 2265 ut

484 2292 542 2344 in
565 2290 650 2364 his
675 2286 943 2340 versibus:
979 2310 1003 2332 ι
1025 2287 1160 2338 Sunt
1188 2299 1240 2340 et
1270 2284 1509 2339 Aminea
1596 2289 1655 2343 in
1680 2288 1851 2343 editis.
1879 2290 2065 2343 Esau.

485 2372 616 2425 vites
635 2409 650 2437 ,
675 2365 976 2420 firmissima
1017 2363 1173 2432 vina,
1201 2365 1424 2420 Tmolus
1462 2377 1515 2419 et
1680 2388 1735 2439 9.
1779 2364 1928 2438 Cujus
1977 2369 2109 2421 dulei
2158 2368 2395 2423 adenisto.
2448 2370 2615 2443 Cujus

487 2448 710 2521 assurgit
743 2445 969 2517 quibus,
1009 2456 1061 2497 et
1088 2463 1180 2499 rex
1221 2444 1335 2518 ipse
1375 2446 1515 2498 Pha·
1599 2448 1713 2501 vini
1745 2460 1979 2501 mustum
2007 2449 2053 2502 si
2090 2448 2307 2519 reliquis
2329 2448 2612 2505 admisces·

489 2548 636 2586 naeus
671 2546 686 2581 z
721 2551 746 2574 ι
790 2538 939 2578 notat
972 2522 1179 2578 Lucilio
1223 2526 1344 2579 Χίον
1392 2518 1512 2579 οἶνον
1600 2540 1706 2581 tur.
1732 2526 2043 2581 Graeoorum
2072 2528 2180 2581 ritu
2213 2528 2474 2601 loquitur,
2500 2530 2612 2602 qui·

490 2606 707 2671 δυναςὴν
739 2618 986 2659 vocatum
1018 2603 1213 2669 fuisse,
1243 2617 1515 2678 tamquam
1600 2608 1702 2660 bus
1734 2609 1909 2679 γλυκὺς
1937 2602 2090 2673 οἶνος,
2132 2622 2381 2667 mustum.
2411 2622 2517 2676 est,
2559 2620 2611 2663 et

489 2704 751 2762 satrapam
775 2724 792 2751 ,
849 2682 1142 2755 eademque
1203 2684 1372 2739 forma
1434 2685 1515 2739 lo-
1602 2686 1785 2740 vinum
1809 2686 1985 2741 dulce.
2008 2689 2193 2743 Hm.

491 2768 692 2841 queudi
718 2764 1010 2819 Phauaeum
1037 2782 1212 2835 regem
1239 2764 1514 2837 appellari.
1690 2784 1776 2820 ιο.
1806 2766 2065 2840 Sicyonio,
2090 2779 2191 2821 etc.
2221 2768 2290 2821 Et
2318 2768 2433 2823 hae
2456 2787 2485 2823 a
2505 2769 2607 2823 suis

491 2848 716 2903 Tmolus
741 2843 926 2916 Lydio
952 2844 1106 2896 mo'ns
1129 2842 1385 2898 Sardibus
1415 2845 1519 2897 im·
1602 2846 1971 2917 cog-nominata
2011 2845 2223 2919 oppidis
2245 2885 2262 2913 ,
2312 2847 2382 2909 de
2428 2848 2609 2921 quibus

493 2928 702 2980 minens
723 2962 741 2989 ,
781 2924 1040 2977 Phanoeus
1089 2924 1519 2994 promontorium
1602 2925 1661 2991 in
1680 2924 2058 2997 Geographicis
2072 2927 2293 2997 egimus.
2314 2928 2604 2999 Sicyonium

493 3006 552 3060 in
574 3004 744 3059 insula
767 3003 905 3056 Chio
925 3042 940 3069 ,
960 3002 1086 3056 vino
1111 3004 1517 3057 nobilissimum.
1603 3003 1787 3058 laudat
1808 3006 2089 3059 Athenaeus
2107 3045 2121 3067 ,
2150 3006 2247 3059 lib.
2277 3007 2305 3060 1
2321 3044 2339 3070 ,
2374 3026 2486 3079 pag.
2520 3007 2606 3063 33.

497 3087 788 3148 canterus,
817 3101 933 3153 cap.
968 3082 1020 3135 3.
1046 3084 1256 3137 Dauo.
1604 3085 1818 3157 Berytio
1834 3104 2027 3157 porro,
2046 3086 2343 3157 Tyrioque,
2368 3088 2602 3141 Gnatum

579 3165 634 3219 5.
657 3162 898 3215 Lesbium.
923 3162 1046 3227 Quo
1072 3162 1281 3216 nullum
1306 3160 1523 3217 suavius
1606 3163 1855 3237 adjungi,
1882 3164 1990 3219 sive
2012 3166 2323 3220 Gazetieum
2345 3205 2360 3228 .
2386 3164 2521 3241 quod
2546 3184 2603 3221 ex

498 3244 648 3298 aiunt
673 3240 890 3295 Alexius
927 3238 1072 3311 apud
1104 3242 1297 3296 Athen.
1329 3244 1425 3297 lib.
1462 3242 1521 3307 I,
1606 3242 1797 3298 eodem
1820 3245 1931 3299 fere
1954 3256 2155 3307 tractu,
2178 3246 2357 3317 potuit
2374 3286 2390 3312 ,
2418 3264 2445 3301 a
2477 3246 2602 3301 Gaza

497 3342 620 3397 pag.
673 3324 744 3377 28
770 3358 786 3386 ,
835 3333 892 3373 et
945 3320 1309 3375 Archestratus
1327 3360 1345 3386 ,
1399 3340 1523 3395 pag.
1606 3324 1806 3377 scilicet
1840 3324 1973 3377 urbe
2000 3326 2301 3380 Palestinae.
2344 3326 2602 3381 Commen-

505 3421 601 3474 ²9·
627 3402 810 3455 Hsnn.
1608 3400 1739 3457 dant
1782 3404 1925 3457 euim
1977 3402 2035 3457 id
2076 3406 2191 3460 vini
2231 3424 2397 3477 genus
2440 3404 2598 3460 Sidon.

578 3488 632 3535 6.
690 3480 896 3534 Cir-citer
939 3476 1191 3533 CCCCL.
1237 3480 1320 3533 Ita
1364 3478 1523 3534 Mss.
1610 3484 1903 3555 Apollinar.
1942 3484 2121 3537 Carnu.
2162 3486 2267 3547 15,
2306 3484 2376 3539 ad
2408 3487 2598 3540 Omma-

498 3578 684 3615 omues
708 3560 839 3629 Reg.
866 3556 1020 3611 colb.
1051 3556 1233 3612 chiffl.
1259 3573 1359 3613 etc.
1388 3560 1461 3612 Η.
1608 3562 1775 3629 tium3
1802 3564 2104 3634 Corippus,
2128 3564 2223 3618 lib.
2250 3566 2365 3631 111,
2386 3584 2517 3619 num.
2546 3566 2598 3629 33

579 3659 634 3711 7.
685 3638 1011 3693 Clazomenio.
1048 3638 1132 3690 Ab
1161 3638 1292 3691 urbe
1321 3656 1522 3710 cogno·
1610 3638 1956 3697 Cassiodorus
1972 3678 1992 3708 ‚
2049 3644 2145 3697 lib.
2192 3645 2331 3708 XII,
2380 3664 2458 3715 ep.
2510 3662 2597 3709 ης

499 3720 644 3773 mine
661 3758 678 3787 ,
703 3716 773 3772 de
801 3734 902 3789 qua
928 3716 1023 3769 lib.
1048 3716 1121 3781 V,
1143 3736 1257 3788 cap.
1289 3716 1381 3770 31.
1409 3716 1481 3771 H.
1609 3718 1932 3775 Fortunatus
1951 3719 2021 3775 de
2046 3724 2151 3777 vita
2178 3723 2231 3775 S.
2264 3724 2499 3788 Martini,
2516 3724 2598 3775 lib.

580 3801 636 3854 8.
681 3800 788 3853 Neo
831 3798 1032 3851 Tmoliti
1055 3816 1146 3869 per
1181 3818 1231 3849 se
1261 3798 1427 3865 gratia
1468 3810 1525 3851 ut
1609 3802 1730 3869 1V;
1776 3802 2001 3873 Gregor.
2049 3803 2257 3856 Turon.
2316 3800 2385 3855 de
2426 3803 2597 3857 Gloria.

499 3882 634 3933 vino.
675 3874 823 3933 Illud
861 3874 1379 3949 pretermittendum
1411 3894 1523 3931 nou
1608 3880 1767 3935 Conf.
1794 3901 1914 3953 cap.
1943 3880 2042 3947 65,
2072 3894 2129 3935 et
2151 3882 2257 3933 alii.
2290 3882 2462 3935 lino.
