2850 4684
1080 381 1391 450 LIBER
1443 382 1650 449 XVI.
2288 377 2432 448 603

288 510 653 581 medullam
684 509 883 606 aliqui
902 537 1040 583 non
1064 511 1379 582 inutiliter
1406 511 1828 607 relinquunt,
1847 527 1922 582 ut
1937 515 2156 582 omnis
2191 512 2437 582 humor

295 618 630 688 stantibus
670 617 937 688 defluat.
980 619 1233 688 Mirum
1278 619 1461 714 apud
1488 621 1540 647 ²⁰
1571 620 1878 713 antiquos
1925 620 2144 714 primo
2184 621 2436 689 Punico
2473 639 2507 697 4

292 721 477 792 bello
510 723 785 795 classem
817 723 1045 794 Duillii
1084 726 1502 820 imperatoris
1543 725 1630 794 ab
1662 726 1901 796 arbore
1944 727 2160 796 excisa
2201 749 2296 794 Lx
2331 726 2439 794 die

295 832 669 925 navigasse.
725 833 979 901 Contra
1030 855 1189 900 vero
1252 833 1677 902 Hieronem²¹
1719 856 1940 926 regem
1987 855 2176 902 ccxx
2237 856 2442 901 naves

298 934 579 1007 effectas
602 936 835 1006 diebus
855 960 1000 1007 va
1023 937 1223 1006 tradit
1245 940 1321 1008 L.
1350 939 1525 1008 Piso.
1554 939 1864 1009 Secundo
1893 961 2160 1059 quoque
2189 939 2442 1008 Punico

302 1039 487 1111 bello
502 1045 927 1138 ,Scipionis-².²
952 1040 1177 1114 classis
1207 1068 1303 1114 ιιι.
1328 1043 1434 1114 die
1464 1069 1506 1113 a
1531 1045 1744 1114 securi
1773 1045 2131 1139 navigavit.
2149 1046 2440 1114 Tantum

294 1151 795 1243 tempestivitas
814 1149 1011 1218 etiam
1046 1151 1117 1218 in
1155 1150 1383 1245 rapida
1415 1149 1748 1221 celeritate
1788 1147 2029 1247 pollet!

413 1257 685 1326 LXXV.
726 1257 898 1326 Cato
938 1255 1287 1356 hominum
1320 1281 1620 1329 summus
1655 1259 1723 1325 in
1753 1260 1938 1326 omni
1973 1281 2133 1341 usu,
2173 1256 2258 1326 de
2299 1281 2437 1326 ma-

306 1361 493 1432 teriis
522 1361 669 1432 haec
688 1361 958 1456 adjicit:
989 1389 1024 1427 α
1048 1360 1315 1432 Prelum
1332 1361 1352 1387 ¹
1380 1389 1418 1433 e
1446 1364 1678 1460 sapino
1704 1377 1848 1432 atra
1885 1363 2300 1459 potissimum
2335 1363 2442 1431 fa-

305 1469 493 1536 cito:
529 1465 850 1555 ulmeam,
885 1469 1183 1562 pineam,
1220 1494 1502 1539 nuceam
1531 1495 1546 1538 :
1584 1470 1761 1540 hanc
1789 1484 1987 1564 atque
2015 1468 2207 1539 aliam
2243 1483 2446 1538 mate*-

296 1575 473 1642 riam
504 1598 771 1643 omnem
798 1598 1005 1670 quum
1031 1573 1341 1664 effodies,
1362 1575 1521 1644 luna
1551 1575 1970 1647 decrescente
1993 1577 2264 1706 eximito
2291 1590 2446 1671 post

296 1678 685 1766 meridiem,
716 1683 859 1750 sine
882 1695 1083 1750 vento
1110 1684 1368 1751 Austro,
1394 1685 1588 1752 Tunc
1609 1684 1734 1752 erit
1755 1680 2209 1777 tempestiva',
2233 1706 2442 1776 quum

298 1810 529 1855 semen
566 1811 759 1856 suum
792 1800 1131 1856 maturum
1164 1789 1325 1875 erit3
1374 1803 1739 1918 cavetoque
1778 1814 1864 1857 ne
1903 1812 2024 1884 per
2053 1813 2272 1858 rorem
2311 1803 2442 1857 tra·

300 1891 453 1980 haS,
472 1907 587 1962 aut
606 1891 859 1962 doles.»
886 1893 1204 1988 Idemque
1226 1878 1409 1962 ῐιιοι3
1431 1897 1661 1964 εαΝἰεί
1690 1881 2112 1964 intermestri⁴
2116 1893 2446 1989 ,lunaque

301 1997 686 2083 dimidiata,
712 2023 797 2068 ne
827 2013 1059 2094 tangas
1096 2001 1462 2070 materiem.
1490 2003 1682 2070 Tunc
1709 2025 1796 2068 ne
1825 1999 2102 2070 effodias
2133 2015 2251 2070 aut
2277 2025 2444 2096 prae-

302 2103 485 2175 cidas
538 2101 699 2174 abs
703 2121 896 2175 terra.
947 2105 1203 2176 Diebus
1244 2092 1537 2203 septem⁵
1590 2108 1936 2202 proximis,
1989 2107 2230 2201 quibus
2288 2106 2446 2176 luna

302 2313 399 2368 sed
416 2316 632 2369 arbores
647 2351 665 2380 ‚
685 2334 805 2388 quae
834 2315 1140 2380 caeduutur,
1156 2335 1334 2390 usque

304 2393 375 2448 ad
400 2393 692 2448 medullam
720 2395 991 2449 securibus
1011 2397 1217 2463 recisas,
1238 2397 1333 2450 ali-

180 2514 189 2522 .
305 2472 563 2546 quamdiu
590 2487 728 2529 stare
754 2475 1004 2545 patieris,
1043 2487 1104 2527 ut
1127 2495 1225 2546 per
1248 2495 1335 2530 eas

304 2567 481 2625 partes
501 2555 725 2620 humor,
750 2555 793 2606 si
820 2555 937 2624 quis
957 2553 1011 2606 in
1034 2553 1183 2607 venis
1206 2573 1333 2609 eon·

303 2634 528 2697 tinetur,
559 2640 825 2686 excurrat.
845 2657 867 2679 ι-
906 2633 1094 2686 Ham).
1196 2677 1213 2694 ,

390 2733 479 2768 20.
502 2713 685 2765 Mirum
708 2711 856 2782 apud.
881 2711 1071 2764 Florus
1089 2745 1105 2772 ‚
1132 2711 1225 2764 lib.
1244 2711 1333 2776 11,

306 2811 427 2866 etp.
458 2811 519 2858 2,
549 2811 671 2864 pag.
723 2798 793 2856 4²
825 2790 1109 2844 :·Duillio
1126 2791 1333 2844 Corne-

306 2874 487 2944 lioque
526 2891 659 2926 coss.
707 2871 865 2924 etiam
908 2869 1043 2922 mari
1082 2869 1336 2940 congredi

306 2953 543 3025 populus
578 2969 829 3004 romanus
856 2969 1012 3004 ausus
1053 2963 1148 3003 est.
1194 2951 1335 3003 Tum

307 3030 527 3104 quidem
570 3031 683 3102 ipsa
710 3031 958 3084 velocitas
987 3029 1167 3084 elassis
1190 3048 1338 3082 com·

308 3125 509 3184 parato
536 3111 832 3182 auspicium
864 3111 991 3164 fuit.
1012 3110 1158 3163 Intra
1193 3110 1337 3162 enim

310 3211 381 3246 ιιι
421 3191 566 3244 diem
601 3209 762 3262 quam
802 3209 931 3244 caesa
972 3189 1101 3242 silva
1132 3189 1337 3254 fuerat,

314 3289 415 3326 eu
436 3271 657 3324 navium
682 3269 924 3324 classisin
941 3269 1147 3322 ancoris
1168 3268 1335 3322 stetit:

310 3363 375 3405 ut
391 3369 501 3404 non
523 3362 635 3402 arte
655 3350 801 3402 facta
816 3385 834 3413 ,
859 3349 951 3403 sed
970 3346 1201 3421 quodam
1224 3368 1339 3402 mu·

311 3449 441 3484 nere
478 3429 703 3484 deorum
735 3447 1004 3483 conversa
1047 3426 1104 3481 in
1145 3447 1337 3494 naves,

312 3523 473 3581 atque
494 3520 710 3562 mutate
734 3509 951 3562 arbores
966 3506 1329 3562 viderentur.-

312 3589 439 3644 Fuit
467 3589 557 3642 hic
600 3607 773 3642 annus
815 3588 981 3641 Urbis
1033 3582 1180 3656 493,
1205 3586 1335 3641 belli

315 3669 505 3722 Punici
532 3667 695 3739 primi
722 3679 941 3739 quartus
966 3685 979 3719 :
1011 3667 1199 3738 quinto
1222 3667 1336 3738 pri·

314 3765 435 3802 mus
460 3745 601 3802 idem
616 3749 979 3801 Romanorum
1008 3746 1235 3799 Duillius
1252 3765 1340 3802 uu·

315 3826 489 3882 valent
512 3826 789 3881 victoriam
808 3825 1030 3896 adeptus
1056 3837 1150 3878 est.
1185 3825 1253 3878 Η.

1418 2316 1772 2387 victoriaque
1816 2316 2140 2370 celeritatem
2171 2333 2448 2370 commen-

1421 2395 1567 2451 davit
1595 2396 1786 2450 Florus
1813 2396 1934 2449 loco
1960 2396 2138 2451 citato.
2161 2395 2328 2449 Hiero
2349 2397 2448 2448 sub

1421 2475 1638 2529 initium
1669 2475 1831 2546 primi
1855 2475 2046 2529 Punici
2070 2475 2200 2529 belli
2225 2477 2397 2530 victus
2417 2495 2447 2529 ι

1422 2554 1707 2618 Romanis,
1726 2554 1989 2606 victorum
2022 2555 2077 2606 iu
2100 2567 2279 2623 partes
2303 2568 2448 2625 post·

1422 2651 1484 2684 ea
1513 2633 1904 2704 amicitiamque
1929 2633 2153 2685 transiit.
2183 2633 2367 2686 Hun.

1509 2731 1539 2766 a
1551 2731 1578 2764 a
1587 2752 1600 2764 .
1625 2709 1881 2781 Scipionis.
1892 2711 2126 2764 AFricani
2149 2711 2356 2782 prioris.
2372 2714 2444 2767 Η.

1503 2791 1728 2844 LXXV.
1781 2787 2057 2844 1.'P1·e!um
2099 2811 2127 2843 e
2149 2793 2337 2861 supino.
2366 2793 2450 2846 Ita

1422 2889 1568 2924 nunc
1595 2871 1758 2933 Cato,
1805 2887 1920 2941 cap.
1966 2887 2126 2934 xxxx,
2172 2887 2293 2942 pag.
2325 2889 2397 2941 ²9
2431 2891 2445 2925 :

1431 2977 1455 2998 .-
1477 2950 1690 3004 Prelum
1719 2968 1750 3002 e
1771 2950 1956 3021 supino
1979 2960 2091 3002 atra
2111 2949 2450 3022 potissimum

1427 3030 1590 3084 facito
1617 3047 1632 3083 :
1674 3042 1764 3082 aut
1795 3030 2024 3083 ulmeam
2045 3068 2060 3094 ‚
2086 3041 2179 3083 aut
2205 3029 2449 3102 pineam,

1425 3111 1512 3163 vel
1539 3128 1765 3164 nuceam
1787 3126 1801 3160 :
1821 3109 1958 3162 hane
1977 3121 2136 3180 utque
2163 3109 2318 3162 aliam
2343 3129 2452 3164 ms·

1427 3188 1614 3244 ter-iem
1653 3206 1867 3242 omnem
1911 3207 2080 3260 quum
2125 3187 2388 3257 effodies,
2418 3216 2443 3239 ι

1427 3283 1742 3341 ceteraque,
1771 3281 1830 3322 ut
1854 3267 2073 3322 Plinius.
2103 3269 2288 3326 Ηιιι).

1513 3368 1567 3403 a.
1607 3350 1746 3402 Tunc
1764 3351 1860 3400 erit
1891 3351 2176 3420 tempestiva.
2204 3348 2340 3404 Cato
2356 3387 2372 3413 ‚
2397 3369 2449 3404 e.

1422 3445 1570 3494 xvn,
1591 3441 1642 3483 et
1672 3446 1834 3492 xxxx,
1864 3445 2073 3482 xxxvii.
2100 3429 2304 3482 Diuo.

1509 3507 1564 3562 3.
1586 3507 1810 3579 Idemque
1829 3525 1956 3559 mox.
1982 3507 2114 3580 Cap.
2142 3508 2234 3579 37.
2257 3509 2327 3562 Η.

1506 3593 1560 3652 4.
1605 3588 1918 3640 Intermesere'.
1945 3586 2275 3653 Inter-lunio,
2305 3601 2360 3642 et
2391 3587 2446 3642 in
2511 3615 2518 3622 ·

1424 3667 1570 3721 coitu
1596 3667 1755 3720 luna.
1793 3667 1978 3720 nnn.

1509 3746 1561 3800 5.
1594 3746 1779 3799 Diebus
1799 3758 1994 3817 septem.
2015 3746 2078 3798 In
2099 3745 2252 3799 libris
2273 3745 2451 3800 baete-

1420 3845 1526 3880 nus
1564 3824 1720 3882 editis
1739 3865 1754 3891 ,
1793 3826 1985 3898 legitur
2024 3826 2190 3878 diebus
2237 3838 2446 3899 quatuor

404 3927 431 3960 ει
446 3925 467 3961 ι
480 3945 493 3959 .
521 3907 723 3960 Canem.
741 3945 754 3960 .
777 3944 790 3958 .
809 3904 1083 3959 Hieronem.
1102 3905 1333 3974 Syracu·
1414 3908 1668 3974 proximis.
1692 3906 1756 3958 Iu
1777 3905 1932 3960 MSS.
1951 3906 2083 3976 neg.
2113 3923 2134 3959 ι
2161 3944 2177 3971 ,
2200 3923 2228 3956 2
2249 3942 2267 3968 ,
2288 3905 2443 3958 Colb.

246 3943 272 4066 'v
318 4003 494 4040 surum
534 4004 730 4057 regem.
766 3983 889 4058 Egit
930 3983 1001 4038 de
1025 3986 1129 4038 hoc
1154 3984 1327 4052 bello,

1418 3987 1631 4040 Thu-n.
1661 3999 1712 4041 et
1751 3985 1868 4040 aliis
1907 3985 2070 4039 diebus
2117 4004 2171 4038 xv
2193 3988 2446 4056 proxitatis.
