2850 4684
494 329 585 412 24

1032 326 1110 396 c,
1156 297 1762 398 PL1N11²NAr
1811 327 2072 396 111s‘r.

487 462 710 556 parvis
750 458 1128 552 densisque,
1188 460 1371 555 cypri
1406 444 1668 542 modo³,
1709 459 1908 528 ramis
1947 459 2152 529 trium
2193 457 2574 528 cubitorum
2595 510 2620 544 ,

488 570 737 638 cortice
764 563 1039 661 pallido,
1071 565 1289 635 radice
1322 566 1452 635 lata
1491 565 1532 634 li

488 676 555 742 in
588 695 756 768 aqua
782 695 935 740 cum
964 671 1211 740 semine
1242 687 1516 767 excepta

1535 589 1910 703 finemque,
1949 564 2146 634 buxei
2181 563 2438 634 coloris.
2473 567 2625 636 Hae

1579 675 1646 741 in
1671 695 1844 741 aereo
1879 695 2032 741 vase
2059 671 2620 742 medicamentum

494 779 603 867 fit,
658 776 835 874 quod
889 791 1165 846 vocatur
1206 781 1478 873 Lycion.
1535 781 1636 846 Ea
1689 780 1874 872 spina
1921 792 1994 848 et
2045 778 2114 846 in
2169 775 2347 846 Pelio
2389 793 2626 846 monte

486 867 843 970 nascitur⁵‚
905 881 1359 978 adulteratque
1406 884 1978 954 medicamentum.
2047 887 2216 952 Item
2273 882 2626 979 asphodeli

485 992 706 1080 radix,
746 1003 861 1059 aut
896 987 981 1058 fel
1018 987 1341 1060 bubulum
1356 975 1405 1079 ⁶,
1431 1005 1562 1060 'aut
1603 991 2044 1075 absinthium,
2088 989 2192 1060 vel
2233 990 2395 1059 rhus
2409 989 2458 1078 ⁷,
2513 989 2625 1058 vel

486 1165 581 1218 tim
606 1164 829 1220 concisis
845 1203 861 1229 ,
884 1164 1033 1217 elixis
1052 1204 1067 1231 ,
1089 1165 1347 1234 contusis,
1382 1187 1506 1221 cum

484 1247 653 1298 farina
670 1283 687 1310 ,
718 1245 953 1298 Nachani
982 1263 1141 1298 succo
1168 1247 1355 1312 mixto,
1380 1259 1434 1300 et
1451 1247 1508 1300 in

486 1323 745 1396 pastillos,
765 1323 1044 1376 tabellasve
1072 1324 1316 1379 formato.
1339 1327 1509 1380 Arbo-

486 1423 599 1457 rem
627 1421 735 1456 esse
762 1401 1124 1472 magnitudine
1138 1405 1359 1471 fraxini,
1376 1405 1508 1458 folio

484 1484 717 1546 minuto,
746 1481 898 1533 ericae
914 1519 930 1544 ,
953 1482 1037 1534 vel
1058 1484 1351 1548 tamaricis,
1369 1502 1508 1537 sem·

484 1582 583 1634 per
594 1561 819 1620 virente,
835 1559 1015 1612 multis
1028 1561 1193 1632 spinis
1202 1561 1506 1615 horridam:

488 1641 702 1705 florere,
724 1637 816 1692 sed
838 1639 1073 1694 fructum
1096 1660 1205 1694 non
1232 1642 1373 1694 ferre
1395 1659 1409 1693 :
1443 1641 1508 1694 li-

486 1737 651 1792 gnum
679 1717 877 1771 durum
896 1731 949 1772 et
980 1719 1202 1772 densum
1232 1721 1405 1774 ubivis
1424 1721 1508 1772 in·

487 1811 806 1869 corruptum
824 1817 1053 1852 manere.
1074 1799 1274 1853 Diuic.
1290 1800 1508 1864 —Fert,

488 1893 590 1932 etc.
606 1909 689 1920 —-
705 1877 906 1930 Plinius
924 1879 1010 1930 hic
1034 1871 1233 1950 lycium
1258 1878 1507 1932 Indicum

488 1957 757 2023 describit,
776 1977 875 2010 nec
902 1959 969 2011 ab
986 1977 1051 2012 eo
1069 1956 1333 2012 diversum
1356 1959 1506 2030 quod

486 2056 519 2090 a
563 2036 839 2090 Discoride
888 2041 1236 2109 proponitur,
1286 2039 1380 2090 lib.
1444 2039 1504 2105 1,

488 2135 605 2188 cap.
648 2115 753 2169 132
782 2157 795 2176 .
832 2130 889 2170 nt
932 2117 1269 2188 Dalecampio
1299 2118 1502 2170 visum:

487 2215 613 2249 nam
638 2193 888 2248 Indicum
910 2215 1125 2268 quoque
1137 2195 1271 2249 illud
1288 2209 1385 2261 est,
1407 2197 1506 2250 etsi

488 2276 549 2328 in
599 2274 932 2347 Cappadocia
984 2275 1251 2348 Lyciaque
1308 2276 1510 2349 pariter

489 2355 742 2427 gignitur.
772 2355 867 2408 Ait
894 2373 1003 2410 esse
1028 2358 1275 2410 arborem
1325 2357 1506 2428 spino·

492 2453 633 2502 sam,
671 2436 847 2488 fructu
885 2423 1085 2508 piperis
1118 2435 1282 2489 instar
1321 2435 1510 2507 nigro,

492 2533 697 2572 amaro,
724 2513 915 2578 denso,
944 2515 1045 2568 levi
1074 2533 1087 2568 τ
1123 2515 1263 2568 foliis
1288 2517 1417 2568 buxi
1441 2517 1511 2568 si-

491 2594 745 2659 milibus,
796 2593 1105 2667 densisque,
1136 2595 1294 2648 ramis
1348 2596 1510 2648 trium

492 2675 795 2726 cubitorum
816 2713 830 2737 ‚
857 2688 947 2727 aut
972 2675 1130 2746 paulo
1146 2675 1510 2746 longioribus:

492 2753 689 2807 cortice
715 2752 917 2824 pallido
939 2773 951 2806 :
981 2753 1249 2806 radicibus
1264 2773 1513 2807 numero-

490 2834 595 2898 sis,
642 2834 759 2887 latis
776 2872 791 2898 ,
837 2833 1069 2906 lignosis.
1112 2834 1246 2898 Qua
1286 2833 1512 2888 omnino

490 2931 613 2965 cum
682 2913 918 2965 Pliniana
968 2911 1319 2984 descriptione
1380 2933 1509 2966 con-

491 3004 708 3062 gruunt.
744 2989 926 3044 Ham).
964 3021 1045 3034 —
1086 2993 1147 3044 In
1198 2995 1367 3064 spinis.
1421 2991 1512 3046 Sic

492 3069 661 3124 Hard.
703 3089 733 3124 e
770 3069 920 3125 MSS.
960 3071 1138 3125 Dalec.
1180 3085 1231 3125 et
1254 3071 1435 3132 Eli-ev.
1465 3085 1516 3124 et

490 3153 647 3220 spina.
688 3149 927 3203 Gronov.
968 3163 1015 3202 et
1054 3155 1105 3203 in
1127 3154 1283 3222 spina.
1324 3183 1404 3194 --
1433 3153 1512 3206 De

492 3229 633 3299 lycio
674 3229 786 3282 vid.
814 3229 1110 3284 Excursnm
1131 3231 1181 3282 V
1214 3230 1282 3284 ad
1314 3232 1511 3286 calcem

499 3307 659 3380 hujus
684 3309 826 3362 libri.
854 3311 957 3362 En.

576 3391 627 3442 3.
664 3388 817 3461 Cypra·
842 3389 996 3443 modo.
1034 3391 1116 3443 De
1146 3389 1331 3462 Cypro
1370 3389 1515 3444 dice-

492 3487 614 3522 mus
644 3486 761 3538 cap.
797 3469 887 3523 52.
934 3469 1116 3523 Han.
1155 3497 1235 3510 ·--
1270 3469 1510 3523 Dioscor.

492 3549 609 3601 buxi
638 3549 807 3613 modo,
862 3567 973 3604 non
1014 3549 1204 3622 cypri:
1242 3549 1311 3602 τὰ
1357 3552 1510 3620 φύλλα

488 3629 625 3700 πὺξῳ
641 3629 803 3700 ὅμοια..
830 3627 935 3682 En.

570 3715 621 3772 4.
656 3709 770 3762 Hae
805 3713 855 3761 ἱη
881 3727 1008 3780 aqua
1042 3725 1147 3760 eum
1176 3709 1349 3764 semiue
1374 3725 1511 3757 exee-

478 3799 587 3858 ρέα,
626 3800 729 3842 etc.
754 3786 951 3841 Radice
980 3787 1233 3840 nimirum
1262 3803 1506 3855 expressa

482 3885 605 3920 eum
623 3867 836 3920 semine.
862 3865 951 3918 Sic
972 3865 1259 3930 Oribasins,
1280 3863 1371 3920 lib.
1396 3865 1475 3918 XI
1489 3905 1505 3930 ,

480 3963 601 4018 pag.
628 3947 729 4000 205
764 3963 779 3998 :
808 3973 830 3994 ι
848 3945 1043 3998 Saccus
1072 3961 1135 3996 ex
1162 3943 1303 4016 lycio
1323 3944 1500 4017 expri-

1597 1166 1765 1220 mitur
1792 1165 1921 1221 tusis
1953 1183 2060 1220 nna
2091 1182 2212 1219 cum
2253 1164 2444 1217 frutice
2473 1161 2628 1217 radi·

1597 1246 1782 1312 cibus,
1829 1259 1928 1300 etc.
1964 1271 1988 1294 a
2022 1242 2186 1298 Unde
2233 1255 2454 1316 apparet
2493 1243 2629 1298 scri-

1595 1327 1763 1398 psisse
1789 1323 2186 1385 Dionem-idem,
2215 1324 2310 1378 lib.
2333 1325 2380 1381 Ι,
2405 1341 2452 1376 c.
2483 1325 2624 1386 132,

1595 1425 1706 1458 non
1734 1406 1814 1460 uti
1837 1404 1997 1458 hodie
2029 1405 2241 1474 legitur,
2275 1403 2520 1472 χυλίζιται
2564 1405 2628 1455 ἐκ

1596 1491 1694 1538 τῶν
1719 1487 1923 1554 φύλλων,
1946 1482 2038 1536 sed
2073 1487 2129 1534 ix.
2154 1489 2250 1535 τῶν
2283 1485 2440 1554 ῥιζῶν,
2469 1479 2626 1552 quod

1597 1564 1803 1616 Plinius
1829 1562 2272 1634 ipsemnfirmat,
2295 1562 2389 1614 lib.
2411 1561 2626 1628 xxlv,

1597 1659 1717 1713 cap.
1740 1661 1814 1712 77
1839 1659 1852 1695 ε
1887 1667 1908 1690 ιι
1934 1642 2252 1712 coquuntur
2271 1641 2326 1693 in
2361 1659 2496 1712 aqua
2515 1639 2626 1694 tusi

1596 1721 1753 1785 rami,
1773 1719 2114 1791 radicesque,
2141 1732 2242 1773 etc.
2265 1745 2288 1766 n
2315 1719 2464 1773 Idem
2493 1719 2628 1772 Ori-

1595 1800 1772 1853 basius
1801 1800 1962 1871 paulo
1994 1812 2146 1870 post,
2177 1817 2242 1852 ex
2267 1800 2468 1851 setnine
2488 1817 2630 1870 quo·

1596 1896 1701 1951 que
1739 1897 2010 1951 expresse,
2061 1891 2114 1932 et
2150 1879 2208 1930 in
2255 1879 2364 1933 sole
2402 1879 2622 1944 siccate,

1597 1959 1792 2013 confici
1835 1976 2048 2012 succum
2099 1956 2280 2012 tradit.
2333 1959 2510 2010 Hnm.
2535 1990 2626 2004 --

1595 2037 1727 2104 Hac,
1749 2051 1850 2091 ete.
1874 2039 2022 2090 Libri
2045 2057 2230 2092 omnes
2251 2051 2377 2092 ante
2389 2035 2626 2091 Hardui-

1593 2135 1722 2170 num
1751 2117 1878 2170 editi
1899 2118 2019 2169 hoec.
2039 2117 2142 2169 En.

1679 2197 1710 2251 5
1723 2235 1734 2249 .
1762 2198 1845 2250 Ea
1881 2201 2022 2268 spina
2053 2209 2102 2249 et
2133 2200 2184 2249 in
2220 2198 2360 2250 Pelio
2385 2199 2622 2250 nascitur.

1597 2275 1850 2349 Ejusdem
1875 2275 2090 2348 quidem
2130 2277 2391 2342 nominis,
2413 2276 2504 2329 sed
2525 2296 2626 2348 ge-

1597 2359 1739 2410 neris
1779 2358 2000 2410 omnino
2029 2355 2270 2428 disparis,
2301 2355 2524 2427 perinde
2543 2369 2627 2410 ta-

1599 2455 1722 2489 men
1745 2437 1908 2507 ignoti
1933 2453 1946 2488 :
1981 2455 2046 2489 ex
2079 2455 2188 2507 quo
2211 2435 2368 2488 vilius
2395 2434 2628 2489 medica-

1601 2529 1838 2568 mentum
1863 2515 2052 2578 fiebat‚
2084 2515 2229 2588 quod
2261 2514 2622 2568 adulterinum

1607 2597 1876 2648 vocabant
1899 2595 2116 2666 lycium.
2139 2595 2318 2648 Hann-

1683 2678 1736 2727 6.
1783 2675 1879 2726 Fel
1913 2675 2153 2728 bubulum.
2193 2677 2342 2729 Inter
2389 2694 2628 2749 coquen-

1600 2752 1729 2806 dum
1754 2753 1950 2825 lycium
1982 2755 2218 2808 admixto
2242 2754 2362 2807 felle
2393 2757 2624 2825 bubulo,

1599 2835 1686 2888 vel
1715 2835 1964 2888 absinthii
1979 2834 2245 2900 succo,vel
2272 2851 2511 2901 amurca,
2539 2837 2629 2890 in-

1601 2915 1719 2986 quit
1747 2915 1985 2968 Dioscor.
2015 2916 2115 2968 loc.
2143 2914 2233 2966 cit.
2256 2913 2441 2966 Hann.

1679 3013 1734 3064 7.
1761 2995 1861 3046 Vel
1879 2996 2009 3046 rhus.
2028 2993 2180 3046 Prius
2197 2991 2251 3043 in
2273 2991 2424 3044 libris
2443 2993 2619 3058 editis,

1600 3074 1688 3125 vel
1717 3074 1854 3137 thus,
1893 3074 2178 3144 legebatur.
2219 3073 2288 3123 At
2309 3071 2459 3127 MSS.
2485 3075 2620 3146 neg.

1601 3153 1758 3206 Colb.
1781 3151 1958 3205 Cbiffl·
1993 3152 2150 3206 Paria.
2193 3150 2272 3201 vel
2293 3153 2406 3203 rhus
2425 3172 2445 3205 .·
2469 3155 2618 3225 quod

1599 3231 1852 3286 Pliniana
1890 3232 2054 3284 menti
2089 3249 2214 3284 sane
2240 3235 2620 3303 congruentius

1603 3324 1714 3363 est:
1737 3329 1859 3362 nam
1893 3310 1983 3363 lib.
2013 3311 2221 3372 XXIV,
2247 3329 2362 3382 cap.
2400 3331 2495 3382 77,
2519 3313 2618 3368 ubi

1601 3390 1714 3442 hoc
1739 3387 1920 3442 eadem
1951 3389 2059 3442 fere
2088 3389 2158 3442 de
2181 3389 2323 3460 lycio
2357 3405 2617 3462 repetun-

1599 3481 1722 3520 tur:
1757 3495 1780 3516 ι
1806 3467 2172 3533 Adulteratur,
2199 3470 2404 3541 inquit,
2429 3471 2617 3526 amaris

1597 3547 1767 3600 succis
1783 3585 1799 3613 ,
1823 3548 1980 3602 etiam
2001 3567 2214 3602 amurca
2230 3588 2246 3615 ,
2279 3567 2338 3602 ac
2365 3552 2486 3604 felle
2511 3552 2615 3605 bn-

1595 3627 1744 3680 bulo.
1768 3652 1790 3674 -
1821 3631 1898 3682 At
1917 3627 2055 3682 inter
2080 3647 2264 3682 succos
2285 3649 2492 3684 amaros
2517 3650 2615 3685 ne·

1595 3724 1685 3759 mo
1727 3725 1850 3760 sane
1882 3708 2004 3762 thus
2043 3710 2318 3762 censuerit.
2363 3711 2444 3764 Ex
2477 3712 2616 3764 rlioe

1593 3803 1722 3838 vero
1747 3805 1963 3842 succum
1987 3788 2138 3855 elici,
2160 3789 2254 3860 qui
2280 3790 2408 3862 lycii
2431 3791 2616 3843 simili-

1593 3865 1836 3922 tudinem
1859 3888 1920 3924 ae
1943 3868 2053 3922 vim
2079 3869 2298 3932 reserat,
2327 3881 2516 3922 auetor
2534 3883 2615 3926 eat

1593 3945 1768 4008 Diosc.
1795 3948 1892 4004 lib.
1913 3951 1962 4014 1,
1985 3967 2110 4022 pag.
2146 3955 2270 4018 ¹⁴7·
2291 3945 2470 4001 Haan.
