2850 4684
421 314 588 387 286·

943 314 1020 382 C.
1076 312 1412 381 PL1N11
1468 312 1685 379 NAT.
1742 310 1996 377 ms‘r.

415 435 610 516 tem⁸⁸
653 445 839 513 annis
881 442 1229 536 accipiunt.
1285 440 1553 510 Etruria
1606 436 1787 507 nulla
1828 439 2039 531 magis
2075 439 2209 507 vite
2262 436 2543 531 gaudet:

415 555 504 621 Et
534 552 850 621 hactenus
879 548 1216 643 potissima
1253 544 1561 615 nobilitas
1589 542 2025 639 peculiaribus
2056 559 2253 637 atque
2282 538 2545 611 vei-na-

350 672 380 723 5
417 655 578 727 culis
628 654 851 725 ltaliae.
909 656 1180 723 Caeterae
1227 652 1553 720 advenere
1610 650 1785 719 Chio
1804 650 1855 689 ¹⁹
1878 702 1899 736 ‚
1960 649 2286 719 Thasove.
2340 652 2537 721 Grae·

417 747 632 832 cula&
659 785 794 829 non
826 756 1096 828 inferior
1130 759 1488 826 Ammineis
1518 756 1848 842 bonitate,
1886 769 2249 849 praetenera
2290 755 2529 823 acino:

341 952 348 959 .
417 884 484 937 et
523 891 656 937 uva
693 882 826 935 tam
875 887 1119 993 parvas,
1161 878 1236 931 ut
1279 864 1408 931 nisi
1456 862 1885 957 pinguissimo
1940 861 2081 931 solo
2136 860 2353 930 colere
2383 884 2539 927 non

417 973 640 1091 prosit.
698 954 1123 1064 Eugenium&
1183 967 1702 1037 Taurominitaui
1746 965 1945 1035 colles
1996 991 2147 1035 cum
2200 967 2537 1060 generosi·

417 1080 568 1147 tatis
617 1076 1058 1171 cognomine,
1103 1075 1335 1143 misere
1369 1072 1627 1143 Albano
1673 1088 1927 1141 tantum
1966 1096 2176 1165 agro·
2214 1072 2537 1165 quoniam

420 1182 732 1253 translata
779 1182 998 1251 statim
1041 1195 1355 1249 mutatur.
1423 1182 1725 1272 Namque
1776 1193 1877 1247 est
1934 1176 2254 1271 aliquibus
2308 1192 2537 1271 tantus

419 1289 713 1359 locorum
748 1311 960 1373 amor,
986 1300 1063 1355 ut
1089 1310 1351 1354 omnem
1376 1286 1445 1353 in
1472 1284 1574 1353 his
1596 1283 1869 1378 gloriam
1902 1308 2087 1353 suam
2121 1281 2535 1375 relinquant,

419 1502 724 1596 gieaque,
785 1522 984 1591 quam
1037 1481 1285 1590 supra³

255 1387 264 1398 ’
349 1409 384 1459 6
418 1419 542 1465 nec
575 1416 852 1487 usquam
890 1405 1226 1461 transeant
1253 1405 1429 1459 totae.
1458 1390 1663 1479 Quod
1690 1404 1759 1459 et
1792 1391 1859 1457 in
1896 1389 2193 1459 Rhaetica
2226 1387 2537 1457 Allobro-

1291 1494 1640 1589 'picatam
1692 1494 2165 1590 appellavimus
2186 1546 2209 1579 ,
2280 1494 2536 1575 evenit,

420 1606 602 1675 domi
641 1603 1010 1690 nobilibuS,
1059 1626 1184 1671 nec
1221 1601 1650 1695 agnoscendis
1702 1600 1873 1669 alibi.
1923 1598 2243 1669 Fecundae
2284 1612 2538 1682 tamen,

422 1711 732 1781 bonitatis
759 1711 904 1778 vice
929 1710 1186 1802 copiam
1212 1721 1556 1802 praestant:
1582 1708 1875 1801 Eugenia
1906 1704 2313 1773 ferventibus
2342 1703 2536 1788 locis»,

423 1817 720 1886 Rhaetica
766 1816 1172 1909 temperatiS,
1226 1812 1643 1907 Allobrogiea
1696 1812 1988 1907 frigidis,
2046 1808 2192 1905 gelu
2244 1824 2539 1878 mature-

423 1946 646 2005 scenS,
686 1936 754 1989 et
791 1919 1011 1989 colore
1045 1922 1253 2015 nigra.
1291 1922 1392 1989 Ex
1432 1918 1583 2006 his,
1608 1943 1771 2012 quas
1805 1917 2022 1985 adhuc
2060 1916 2381 2003 diximus,
2424 1914 2539 1981 sed

422 2027 614 2097 etiam
645 2050 684 2094 e
727 2025 927 2121 nigris
951 2027 1104 2093 vina
1130 2039 1457 2093 vetustate
1491 2026 1559 2093 in
1594 2024 1813 2093 album
1848 2020 2135 2093 colorem
2172 2034 2543 2090 transeunt.

510 2244 596 2291 28.
641 2238 986 2290 Auster-itatem
1006 2272 1024 2301 ,
1072 2248 1171 2289 ete.
1206 2235 1437 2289 Pliniani

421 2318 818 2387 interpolatores
853 2315 1028 2367 locum
1059 2315 1204 2368 hunc
1228 2316 1300 2368 ita
1323 2314 1435 2367 edi·

421 2396 643 2451 derant:
676 2420 698 2442 ·
737 2394 1101 2447 Austeritatem
1127 2395 1276 2447 annis
1302 2396 1435 2447 acci-

420 2476 606 2549 piant,
645 2486 698 2527 et
722 2475 882 2528 rubra
907 2473 1062 2527 fiunt.
1081 2474 1241 2526 Nulla
1278 2474 1439 2545 magis

421 2556 529 2609 vite
552 2552 814 2627 gaudet.-
791 2554 1026 2617 nQuum
1040 2566 1092 2607 et
1111 2572 1214 2605 vox
1237 2552 1439 2621 eafiemt

423 2654 454 2690 ι
487 2634 640 2687 MSS.
689 2634 934 2685 omnibns
971 2633 1118 2685 libris
1166 2632 1334 2697 absit,
1385 2643 1441 2685 et

423 2714 556 2787 quid
574 2732 634 2767 ea
653 2714 810 2765 verba
833 2724 1096 2783 postrema
1111 2711 1437 2780 significent,

423 2794 710 2847 obscurum
738 2791 820 2844 sit.
861 2793 924 2843 Iu
963 2786 1112 2842 MSS.
1143 2792 1272 2861 Reg.
1303 2809 1365 2855 1,
1385 2802 1439 2842 et

424 2873 576 2926 colb.
601 2891 660 2936 α,
690 2874 928 2943 accipietne
945 2881 996 2921 ee
1009 2869 1152 2921 rubra
1169 2871 1304 2921 trulla
1334 2888 1438 2919 ma-

423 2955 520 3021 gis.
540 2952 604 3001 In
620 2950 725 3003 Th.
747 2950 797 3001 E
801 2962 818 2998 e
845 2949 977 3000 rubr'
933 2969 1007 3001 rea
1019 2949 1154 3000 nulla
1173 2952 1342 3018 magis.
1363 2948 1441 3001 At

425 3031 481 3082 in
503 3030 631 3097 neg.
655 3046 683 3079 a
709 3063 727 3091 ,
777 3039 828 3078 et
867 3026 1046 3080 Chiffl.
1096 3028 1398 3099 planissime
1419 3064 1437 3092 ,

427 3110 684 3176 accipiunt.
721 3106 925 3157 Etruria
955 3108 1088 3157 nulla
1127 3111 1308 3177 magis,
1340 3119 1439 3159 etc.

429 3188 500 3239 Et
522 3204 644 3238 saue
664 3202 833 3254 quum
862 3184 1053 3255 cuique
1081 3187 1262 3255 generi
1289 3204 1441 3240 suum

427 3264 681 3317 hactenus
709 3263 763 3313 in
797 3263 945 3314 Italia
977 3264 1250 3333 assignarit
1275 3266 1445 3317 natale

427 3344 598 3397 solum
612 3378 629 3404 ,
652 3340 945 3394 Ammiueis
959 3342 1248 3395 Vesuvium
1263 3356 1314 3395 et
1324 3345 1448 3397 Sur·

427 3422 664 3475 reatinos
707 3419 900 3480 colles,
941 3420 1178 3473 Rubellis
1211 3422 1447 3474 Nomen-

429 3514 570 3565 tum,
592 3498 804 3569 Apianae
823 3500 1014 3569 cujates
1034 3500 1139 3551 sint
1151 3538 1168 3563 ,
1187 3520 1446 3572 nusquam

427 3580 623 3653 aperit,
645 3578 752 3633 nisi
780 3578 884 3631 hoc
909 3578 1027 3631 loco
1056 3578 1196 3631 facit.
1225 3578 1311 3631 Sie
1342 3580 1448 3631 Pli-

428 3660 550 3713 nius
573 3660 684 3727 ipse
709 3657 959 3721 inferius,
1004 3657 1108 3709 hoe
1133 3656 1246 3728 ipso
1275 3657 1446 3728 eapite

429 3738 498 3791 de
519 3737 797 3790 helvenaca
816 3738 926 3788 vite
945 3756 962 3791 ε
989 3762 1010 3783 ι
1031 3736 1187 3789 Nulla
1205 3776 1220 3801 ,
1242 3736 1416 3807 inquit
1433 3776 1447 3801 ‚

431 3818 616 3873 vitium
643 3816 816 3869 minus
841 3815 1045 3869 Italiam
1087 3828 1240 3869 amat.
1281 3840 1304 3863 ι
1337 3814 1405 3868 Η.

516 3916 602 3966 ²9·
634 3894 775 3951 Clu'o.
807 3896 1075 3954 Tibullus,
1111 3895 1196 3959 11,
1241 3912 1291 3961 1,
1335 3913 1441 3966 27:

1528 2262 1553 2287 ι
1580 2238 1737 2293 Nune
1769 2238 1897 2292 mihi
1936 2238 2171 2290 fumosos
2200 2237 2396 2291 veteris
2421 2256 2547 2308 pro-

1525 2318 1656 2371 ferte
1699 2319 1948 2371 Falernos
1994 2318 2269 2383 Consulis,
2304 2330 2363 2369 et
2403 2317 2541 2370 Chio

1522 2398 1709 2449 solvite
1732 2398 1903 2449 vincla
1928 2395 2077 2450 cado.
2098 2421 2119 2443 ιι
2160 2398 2361 2449 Dante.

1606 2475 1693 2529 30.
1724 2476 1981 2537 Gra-cula,
1996 2478 2186 2545 Raisins
2204 2476 2265 2527 de
2294 2474 2537 2529 Corinthe-

1524 2557 1661 2608 ΒΜ..
1689 2580 1767 2589 -
1796 2555 2043 2609 Gracula.
2062 2556 2188 2609 Non
2211 2555 2540 2625 uniusgeue-

1522 2635 1596 2687 ris
1618 2632 1673 2684 id
1698 2652 1925 2699 nomen,
1972 2648 2067 2689 aut
2110 2634 2215 2687 loci
2252 2647 2341 2685 -est
2372 2652 2386 2685 :
2420 2652 2541 2685 nam

1525 2712 1849 2778 Columella,
1887 2714 1923 2767 l.
1952 2732 1997 2765 c.
2029 2732 2147 2783 pag.
2181 2714 2252 2781 87
2274 2752 2293 2777 ,
2323 2714 2541 2766 Gracu-

1524 2791 1695 2843 larum
1720 2792 1907 2845 vitium
1934 2794 2141 2861 generis
2174 2810 2285 2843 esse
2318 2793 2391 2845 ait
2428 2792 2541 2843 Mn·

1525 2872 1773 2936 reoticas,
1794 2871 2035 2937 Thasiae,
2060 2871 2329 2943 Psytbiae,
2357 2882 2457 2923 etc.
2474 2870 2539 2923 Η.

1608 2950 1699 3002 31.
1746 2951 2038 3018 Eugenium.
2084 2950 2282 3004 Graecis
2322 2952 2537 3019 εὐγένειαι

1528 3039 1577 3080 et
1608 3029 1799 3099 εὐγενία
1827 3029 2153 3082 nobilitatem
2192 3047 2251 3081 ac
2276 3030 2543 3097 generosi·

1528 3119 1683 3159 tatem
1708 3120 1875 3161 sonat.
1899 3106 2108 3161 Colum.
2131 3109 2166 3159 l.
2194 3126 2243 3159 c.
2272 3126 2393 3177 pag.
2426 3108 2497 3159 86
2524 3124 2537 3159 ε

1538 3210 1561 3233 ιι
1600 3184 1867 3255 Frigidum
1896 3205 1958 3238 ac
1990 3186 2258 3241 roscidum
2284 3187 2457 3239 solum
2491 3199 2542 3238 et

1531 3264 1719 3317 caelum
1785 3264 2205 3319 commodissime
2286 3267 2544 3317 sustinent

1533 3344 1801 3414 Eugeniae‚
1811 3342 1939 3397 dum
1960 3346 2148 3397 suntin
2164 3345 2373 3397 Albano
2384 3345 2540 3399 colle:

1533 3442 1658 3474 nam
1692 3436 1891 3475 mutato
1920 3424 2039 3479 loeo
2076 3425 2163 3477 vix
2198 3423 2408 3477 nomini
2448 3442 2539 3476 suo

1532 3500 1872 3571 respondent.
1904 3530 1926 3549 ι
1953 3502 2135 3554 Haut).

1616 3580 1705 3634 32.
1733 3580 1905 3651 Supra.
1944 3582 2056 3633 Sub
2078 3582 2237 3633 finem
2268 3580 2429 3652 primi
2460 3600 2539 3635 ca·

1532 3659 1659 3728 pitis
1670 3660 1825 3731 hujus
1838 3661 1977 3713 libri.
1994 3662 2205 3713 Din-
2229 3663 2389 3729 Quam
2404 3678 2539 3729 supra

1528 3742 1762 3806 picatam.
1779 3740 1841 3790 In
1860 3738 2539 3811 Allobrogicisquoquevini

1531 3816 1913 3887 jucunditatem
1940 3837 2059 3871 cum
2088 3819 2302 3889 regione
2330 3817 2543 3881 mutari,

1534 3894 1773 3966 prodidit
1796 3897 2087 3949 Columella
2116 3898 2154 3949 l.
2182 3916 2231 3951 e.
2262 3896 2441 3949 Ham).
