2850 4684
481 360 628 433 332
1003 365 1080 432 C.
1137 363 1473 431 PLINII
1529 360 1749 429 NAT.
1808 360 2069 429 uls-T.

479 494 856 564 inscribitur
869 492 913 577 ²,
937 518 1065 587 qua
1161 518 1310 561 uam
1343 494 1413 559 in
1446 516 1523 560 ea
1558 506 1626 560 et
1664 477 2197 585 calamum³addi
2212 491 2413 584 jubet.
2438 492 2610 559 Ideo

477 600 744 693 quidam
782 602 1126 669 aromatite
1182 596 1543 667 delectatos
1576 600 1859 667 maxime
1878 598 2181 666 credunt.
2200 597 2330 667 Sed
2360 599 2605 667 Fabius

479 692 912 777 Dossennus⁵
954 704 1056 773 his
1090 703 1392 774 versibus
1436 703 1775 774 decernit:

786 824 1091 885 Mittebam
1123 826 1322 883 vinum
1354 825 1654 903 pulcrum,
1686 824 2066 883 murt-binam.

475 958 559 1026 Et
596 958 664 1025 in
699 941 1192 1026 Acharistione⁶
1215 984 1230 1023 :

789 1082 1002 1137 Panem
1031 1090 1090 1136 et
1117 1064 1443 1155 polentam,
1480 1078 1679 1141 vinum
1708 1078 2082 1139 mun-hincm.

475 1212 834 1285 Scaevolam
862 1224 1124 1309 quoque
1158 1228 1226 1282 et
1265 1212 1538 1305 Laelium
1561 1265 1582 1299 ,
1626 1228 1693 1283 et
1735 1212 2061 1283 Atteium⁷
2100 1214 2491 1308 Capitonem
2528 1216 2589 1281 in

477 1390 793 1450 guentorum
823 1378 1235 1449 compositione,
1269 1377 1445 1447 primo
1467 1393 1498 1427 e

477 1458 726 1529 myrrha,
754 1469 814 1510 ut
838 1456 1070 1511 diximus
1099 1476 1113 1511 ε
1162 1483 1185 1506 n
1236 1474 1344 1509 non
1387 1456 1495 1508 alio

476 1548 617 1590 certe
650 1537 804 1603 loco,
845 1556 1001 1608 quam
1039 1538 1171 1600 isto,
1219 1554 1378 1607 quem
1420 1536 1497 1587 ihi

477 1628 692 1687 spectat.
707 1618 888 1683 Quare
896 1629 1108 1671 ceteros
1126 1615 1334 1669 codices
1358 1613 1495 1667 nihil

477 1714 660 1748 moror
672 1734 690 1763 ,
713 1698 765 1751 in
788 1696 988 1768 quibus
1001 1701 1123 1747 miro
1141 1697 1287 1747 odore
1303 1694 1496 1746 condita

477 1775 670 1844 legitur
700 1794 715 1829 ε
743 1794 918 1845 neque
939 1775 1282 1829 Hermolaum
1310 1772 1497 1839 sudio,

478 1854 572 1925 qui
599 1860 722 1926 ηςγνὶ
739 1895 752 1920 ,
783 1858 928 1928 μύρου
948 1895 963 1923 ,
987 1856 1089 1908 hoc
1102 1868 1205 1914 est.
1225 1858 1456 1923 unguenti
1476 1875 1496 1915 ,·

477 1950 652 2003 neque
696 1934 1005 1987 salmasium
1025 1974 1042 1998 ‚
1078 1934 1167 2005 qui
1213 1952 1334 2004 pag.
1383 1938 1497 1988 610

477 2012 532 2064 in
561 2012 730 2067 Solin.
751 2034 998 2085 pomorum
1033 2014 1176 2067 odore
1199 2014 1392 2067 condita
1416 2032 1500 2067 re-

479 2090 652 2162 ponit.
677 2094 860 2147 Hsnn.

563 2188 612 2223 a.
629 2172 781 2224 Persa
799 2172 1083 2225 biset-ibitur.
1105 2174 1213 2223 Aut
1232 2168 1492 2224 diversam

477 2266 586 2302 esse
609 2268 818 2304 necesse
838 2264 914 2303 est
931 2252 996 2303 ab
1017 2270 1077 2304 ea
1094 2270 1211 2322 qua
1224 2248 1497 2323 hodieque

478 2340 644 2381 exsut
673 2347 738 2382 eo
768 2330 1016 2393 nomine,
1039 2342 1149 2383 aut
1186 2348 1366 2382 versus
1405 2350 1497 2384 eos

479 2407 732 2462 excidisse
747 2446 764 2473 ,
789 2426 922 2480 quos
941 2407 1144 2462 Plinius
1169 2422 1350 2463 noster
1361 2410 1497 2463 ‘elle-

477 2501 583 2559 με.
604 2489 742 2542 Nam
771 2488 864 2560 qui
887 2488 942 2542 in
971 2507 1030 2541 ea
1059 2489 1232 2541 fabula
1260 2502 1460 2542 exstant
1478 2527 1493 2548 .

477 2584 596 2639 qun
651 2569 806 2622 Persa
889 2568 1196 2622 inscribitur
1223 2608 1239 2633 ,
1300 2582 1401 2623 act.
1430 2570 1457 2621 1
1479 2609 1495 2634 ,

478 2666 550 2699 sc.
586 2648 617 2701 3
634 2687 650 2711 ,
679 2666 732 2701 v.
765 2668 826 2719 7,
848 2668 986 2722 quos
1010 2647 1293 2702 Salmasius
1309 2648 1493 2712 affert,

479 2744 598 2797 pag.
643 2746 746 2797 709
789 2730 847 2782 in
907 2728 1076 2781 Solin.
1135 2752 1158 2775 α
1201 2729 1498 2781 commisce

367 2836 372 2843 ·
478 2807 708 2859 mulsum
738 2845 756 2872 ‚
816 2809 1056 2861 struthea
1083 2807 1497 2881 ‚tcolutheaque

387 2956 395 2964 ν
477 2903 704 2956 appara,
745 2886 885 2939 Bene
919 2900 980 2939 ut
1009 2888 1066 2940 in
1098 2887 1286 2939 scutris
1313 2904 1501 2940 conca-

477 2964 652 3027 lcant,
679 2976 734 3016 et
763 2966 1020 3019 calamum
1059 2967 1253 3037 injice:
1287 2990 1309 3011 ι
1339 2966 1396 3018 in
1434 2966 1499 3019 iis

477 3062 577 3095 nec
626 3042 735 3096 vini
779 3062 942 3113 genus
987 3044 1308 3099 describitur
1329 3085 1347 3111 ,
1406 3044 1498 3097 sed

479 3122 668 3186 mulsi3
707 3137 805 3174 nec
847 3124 1075 3194 myrrhae
1105 3123 1178 3177 ibi
1207 3124 1314 3177 ulla
1347 3144 1497 3177 men-

476 3200 570 3252 tio=
603 3202 783 3254 Hum-

563 3278 614 3333 3.
669 3280 744 3332 Et
797 3280 1049 3334 calamum.
1125 3280 1495 3337 Aromnticum

477 3358 674 3413 scilicet
687 3400 702 3423 ‚
730 3357 796 3412 de
809 3377 916 3431 quo
931 3360 1025 3413 lib.
1042 3362 1174 3426 XII,
1187 3382 1300 3433 cap.
1320 3370 1410 3432 49.
1423 3364 1493 3416 11.

561 3444 611 3501 4.
659 3440 950 3493 Ανοηιαιίισ.
995 3441 1142 3493 Vino
1189 3442 1446 3495 nimirum
1478 3480 1494 3507 ‚

476 3516 622 3587 quod
659 3538 688 3571 e
723 3519 936 3587 myrrha
963 3520 1274 3591 calamoque
1301 3522 1493 3575 factita-

477 3608 590 3649 tum
620 3596 846 3655 dicitur,
877 3617 993 3670 cap.
1023 3618 1111 3668 ¹9·
1137 3600 1222 3653 Sic
1247 3600 1397 3653 MSS.
1428 3602 1491 3653 R.

475 3690 577 3729 etc.
599 3676 752 3731 Prius
777 3682 1033 3730 aromatica
1062 3698 1342 3750 perperam
1359 3680 1495 3749 lege-

475 3756 646 3809 batur.
669 3758 850 3811 Haeo.

558 3836 612 3890 5.
635 3836 925 3893 Dossennus.
947 3839 1026 3890 De
1043 3856 1110 3891 eo
1125 3837 1180 3890 in
1203 3840 1493 3891 Auctorum

477 3916 680 3971 Indice.
710 3918 887 3971 Ilsnu.

1582 1378 1591 1386 ”
1667 1380 1720 1429 6.
1764 1377 2124 1430 Acharistieme.
2170 1376 2321 1429 Hanc
2373 1377 2591 1429 sahulam

1584 1456 1771 1509 Plauto
1802 1458 2008 1510 Nouius
2037 1454 2303 1529 adjudicat
2321 1496 2337 1518 ,
2372 1474 2487 1525 cap.
2531 1476 2557 1509 ι
2576 1495 2593 1519 ,

1582 1536 1745 1589 verbo
1772 1535 2081 1607 Pauper-wit.
2115 1532 2302 1587 Hanu-

1664 1634 1717 1685 7.
1741 1614 2003 1669 scevolam
2040 1634 2223 1687 quoque
2251 1626 2299 1666 at
2330 1614 2529 1667 Loelt‘uu
2548 1626 2593 1665 ιε

1581 1693 1780 1747 Ateium
1800 1696 2095 1765 Capitonem.
2116 1695 2253 1765 Lege
2270 1694 2481 1758 AEIiuu,
2494 1712 2591 1745 non

1582 1774 1809 1836 latium,
1826 1794 1891 1827 ex
1902 1773 2076 1827 indice
2097 1774 2439 1844 antiquorum
2463 1770 2596 1825 codi-

1584 1871 1703 1906 cum
1720 1868 1771 1907 et
1788 1854 2038 1907 Romana
2052 1853 2209 1905 etiam
2228 1852 2593 1923 impressionis.

1583 1932 1715 1987 Tres
1738 1935 1879 1986 enim
1906 1933 1993 1985 hic
2020 1932 2381 2003 jurisconsulti
2408 1950 2597 1983 memo·

1583 2027 1803 2075 rantur,
1852 2014 2081 2065 Scaevola
2101 2045 2118 2073 ‚
2170 2012 2375 2075 AElius,
2422 2011 2598 2063 Ateius

1585 2093 1773 2163 Capito
1806 2112 1819 2144 z
1846 2110 2077 2163 quorum
2114 2092 2251 2145 inter
2284 2091 2417 2143 alios
2444 2092 2596 2143 Pom-

1582 2172 1775 2243 ponius
1805 2172 2048 2226 meminit
2072 2170 2473 2241 jurisconsultus
2492 2169 2595 2239 pri-

1582 2270 1673 2305 mo
1714 2252 2049 2322 Digestorum
2094 2250 2401 2307 volumine.
2450 2247 2596 2301 titulo

1582 2328 1648 2384 de
1687 2331 1892 2401 origine
1930 2332 2083 2401 juris.
2125 2330 2305 2381 verb·
2344 2330 2495 2397 cujus
2534 2326 2597 2380 de

1581 2410 1686 2463 hoc
1710 2410 1852 2463 AElio
1865 2423 2021 2464 sunt:
2040 2436 2063 2458 ι
2084 2408 2206 2461 Nou
2233 2420 2353 2478 post
2374 2409 2594 2461 multum

1582 2490 1836 2558 temporis
1850 2490 2077 2561 spatium
2094 2488 2279 2541 Sextus
2294 2489 2465 2541 AElius
2478 2487 2597 2541 alias

1582 2571 1815 2623 actiones
1846 2568 2173 2641 composuit,
2204 2580 2256 2619 et
2280 2567 2480 2621 librum
2508 2586 2597 2639 po-

1580 2650 1712 2719 pulo
1727 2646 1877 2701 dedit
1893 2689 1908 2714 ,
1932 2651 2021 2720 qui
2039 2648 2335 2721 appellatur
2344 2650 2433 2720 jus
2448 2648 2600 2700 AEiia·

1582 2722 1709 2781 num
1726 2745 1776 2780 :-
1786 2742 1834 2781 et
1848 2725 2229 2794 mox‚-Deinde
2237 2729 2431 2781 Sextus
2440 2728 2599 2780 AElius

1582 2821 1636 2860 et
1662 2807 1824 2861 frater
1853 2810 1966 2880 ejus
1990 2810 2057 2861 P.
2090 2808 2260 2859 AElius
2286 2807 2525 2871 Aterius,
2548 2819 2599 2857 et

1584 2888 1644 2941 P.
1676 2888 1871 2941 Atilius
1888 2926 1904 2953 ‚
1944 2887 2226 2940 maximam
2247 2886 2521 2939 scientiam
2546 2884 2595 2935 in

1584 2964 1886 3038 profitendo
1916 2966 2253 3019 babuerunt:
2286 2977 2339 3020 et
2350 2962 2461 3017 duo
2480 2962 2598 3017 AElii

1584 3046 1738 3098 etiam
1763 3046 2002 3099 consules
2019 3045 2267 3098 fuerunt:
2293 3043 2492 3098 Atilius
2510 3061 2599 3096 au-

1585 3137 1690 3178 tem
1708 3144 1735 3177 a
1752 3124 1952 3196 populo
1969 3123 2176 3196 primus
2190 3120 2413 3193 Sapiens
2428 3121 2595 3193 appel-

1466 3210 1489 3231 ⁰
1582 3204 1717 3257 latus
1734 3216 1827 3257 est.
1850 3206 2065 3257 Sextum
2086 3203 2283 3255 AElium
2308 3202 2469 3255 etiam
2498 3203 2597 3253 En·

1582 3284 1705 3336 nius
1740 3282 1995 3348 laudavit,
2023 3294 2075 3335 et
2102 3294 2264 3335 exstat
2296 3280 2443 3334 illius
2466 3280 2597 3333 liber

1582 3362 1676 3433 qui
1712 3363 2020 3416 inscribitur
2052 3361 2363 3432 Tripartita.
2401 3387 2423 3408 ι
2474 3360 2595 3412 nac

1582 3440 1927 3512 Pomponius.
1976 3442 2175 3493 Versus
2216 3451 2395 3495 autem
2440 3439 2595 3491 Ennii

1582 3540 1691 3592 quo
1706 3521 1873 3573 AElius
1894 3520 1981 3573 hic
2005 3518 2269 3582 laudatur,
2292 3538 2319 3571 a
2342 3519 2595 3573 Cicerone

1582 3600 1807 3654 affertur
1828 3600 2001 3669 prima
2019 3599 2321 3652 Tusculana
2345 3617 2359 3651 :
2392 3621 2416 3642 c
2436 3599 2593 3669 Egre-

1580 3686 1665 3751 gie
1682 3678 1929 3735 cordatus
1942 3678 2105 3733 homo
2128 3690 2273 3731 catus
2290 3678 2461 3731 AElius
2478 3678 2593 3731 sex-

1580 3772 1706 3813 tus:
1744 3786 1764 3807 ·
1802 3772 1853 3811 et
1889 3760 1947 3811 in
1980 3760 2181 3813 Catone
2218 3763 2419 3826 majore
2456 3756 2591 3809 idem

1584 3840 1773 3892 Cicero
1807 3839 1953 3891 hunc
1978 3838 2175 3890 AElium
2206 3836 2415 3899 laudat,
2450 3838 2593 3905 cujus

1582 3920 1741 3973 verba
1778 3930 1833 3971 ut
1859 3920 1927 3973 ab
1960 3918 2243 3973 inveterata
2274 3918 2471 3973 multos
2490 3920 2593 3989 jam
