2850 4684
1016 357 1331 425 LIBER
1391 358 1623 425 xul.
2242 354 2381 428 165

252 484 718 579 semipedales⁷
777 510 1118 557 ramorum
1174 485 1335 557 relin
1428 501 1613 555 entes
1667 500 1979 571 truncos,-
2035 489 2145 581 qui
2184 488 2387 558 decisi

251 588 399 659 alibi
423 606 670 661 necant
697 607 1008 662 matrem.
1037 594 1341 663 Diximus
1415 592 1659 662 salsum
1696 591 1782 660 ab
1810 592 1915 662 his
1942 591 2155 661 solum
2184 593 2381 689 diligi.

241 698 426 791 Ergo
458 697 618 766 ubi⁹
649 724 793 767 non
821 714 925 768 est
961 697 1086 769 tale
1106 752 1126 783 ‚
1160 698 1362 769 salem
1401 713 1773 795 aspergunt
1790 751 1809 785 ,
1850 722 1987 767 non
2016 699 2347 769 radicibus
2366 753 2385 786 ,

235 802 356 869 sed
385 802 660 900 longius
689 803 912 900 paulo.
941 804 1330 895 Quasdamw
1357 806 1425 873 in
1459 796 1647 899 Syria
1679 819 1748 873 et
1776 806 2062 899 AEgypto
2096 806 2164 872 in
2191 806 2383 875 binos

231 906 556 979 dividunt
587 936 661 979 se
703 926 979 983 truncos
1013 940 1030 981 ε
1075 912 1142 981 in
1187 915 1391 982 Creta
1423 926 1494 980 et
1526 913 1595 979 in
1640 926 1864 981 ternos
1885 962 1906 995 ,
1950 910 2383 1005 quaedamque

229 1028 302 1081 et
337 1017 414 1083 in
452 1018 715 1110 quinos.
757 1018 1010 1087 Ferunt
1045 1016 1328 1087 statim¹¹
1367 1019 1435 1085 in
1475 1019 1765 1087 trimatu.
1810 1020 1893 1086 In
1929 1020 2158 1113 Cypro
2192 1042 2382 1101 ver0,

225 1122 428 1213 Syria
453 1175 472 1206 ‚
513 1122 804 1217 AEgypto
826 1178 847 1212 ,
887 1123 1289 1217 quadrimae:
1336 1122 1573 1217 aliquae
1620 1125 2075 1217 quinquennes
2096 1174 2116 1207 ,
2162 1122 2384 1192 altitu-

224 1224 392 1294 dine
431 1226 767 1315 hominis,
801 1229 985 1299 nullo
1019 1231 1194 1299 intus
1231 1231 1414 1325 pomi
1453 1228 1634 1323 ligno
1660 1282 1679 1315 ‚
1712 1229 2026 1323 quamdiu
2064 1244 2220 1299 sunt
2260 1254 2379 1298 no-

223 1331 428 1403 vellae
449 1387 472 1419 ,
512 1334 606 1403 ob
642 1334 710 1402 id
752 1335 1120 1429 spadonum
1143 1334 1192 1360 ¹²
1229 1350 1507 1430 accepto
1550 1337 1837 1405 nomine.

339 1442 476 1507 lx.
511 1442 780 1529 Genera
810 1465 1038 1511 earum
1071 1441 1297 1511 multa.
1328 1440 1677 1511 Sterilibus
1704 1442 1788 1511 ad
1824 1443 2174 1527 materiaS‚
2216 1464 2375 1535 ope·
2420 1464 2445 1497 1

229 1569 527 1639 rumque
572 1545 882 1635 lautiora,
929 1550 1140 1621 utitur
1188 1548 1486 1641 Assyria,
1524 1560 1593 1617 et
1640 1560 1781 1616 tota
1814 1550 2049 1616 Persis.
2096 1549 2265 1615 Sunt
2311 1562 2379 1617 et

227 1650 518 1720 caeduae¹
560 1652 932 1747 palmarum
970 1678 1234 1747 quoque
1275 1648 1487 1739 silvae,
1536 1655 1981 1747 germinantes
2017 1677 2246 1721 rursus
2291 1646 2377 1721 ab

227 1756 455 1827 radice
493 1760 788 1827 succisae.
822 1757 1052 1829 Dulcis
1083 1757 1369 1827 medulla
1405 1782 1635 1827 earum
1668 1760 1735 1827 in
1772 1760 2156 1842 cacumine,
2192 1759 2375 1853 quod

227 1863 586 1933 cerebrum
615 1862 988 1959 appellant²
1011 1890 1028 1932 τ
1055 1878 1493 1959 exemptaque
1530 1866 1767 1933 vivunt
1786 1916 1807 1951 ,
1838 1864 2017 1957 quod
2044 1890 2179 1935 non
2207 1866 2367 1935 aliae.

227 2030 438 2081 Plinius
479 2030 628 2101 apud
669 2031 938 2101 aliquem,
987 2036 1052 2092 ὣς
1097 2032 1262 2099 πάχος
1353 2034 1386 2083 8
1416 2022 1555 2097 &Eri
1586 2028 1647 2083 δὲ
1677 2032 2040 2102 καρπιμώτερα
2067 2038 2161 2085 τῶν
2183 2030 2371 2097 ἄλλων,

225 2111 344 2177 ‘133
371 2110 556 2162 Ηιιο.
1347 2109 1431 2165 καὶ
1447 2117 1859 2181 καρποφοροῦντες
1878 2112 2012 2171 ιύθὺς
2030 2114 2246 2181 τριιτιῖς.
2264 2112 2370 2165 En.

305 2208 366 2258 7.
419 2188 764 2259 Semnpedales.
803 2176 936 2243 ὅσον
980 2192 1260 2260 σπιθαμῶν,
1436 2210 1523 2245 12.
1579 2190 1877 2261 Spadonum.
1937 2190 2027 2243 Ab
2090 2190 2371 2245 Aristotele

225 2267 404 2339 inquit
423 2269 706 2339 Theophr.
728 2270 833 2323 loc.
853 2269 942 2323 eit.
969 2270 1062 2323 Est
1084 2282 1259 2337 autem
1346 2272 1557 2338 εὐνοῦχοι
1584 2270 1871 2341 spadones,
1899 2282 1953 2323 et
1984 2273 2187 2341 ἔνορχα,
2221 2272 2370 2340 quasi

225 2346 541 2401 duodenum
569 2346 862 2419 digitorum
885 2351 1140 2420 σπιθαμὴ,
1165 2368 1256 2403 seu
1345 2351 1567 2408 testibus
1582 2340 1841 2415 carentes,
1862 2363 1916 2403 et
1938 2350 2171 2420 ἀπύρηνοι
2190 2350 2365 2403 nuclei

225 2428 486 2496 pollicum
507 2447 736 2493 novem3
764 2427 914 2499 pedis
938 2428 1256 2483 dodrantem
1344 2443 1581 2499 expertes
1606 2426 1957 2501 appellantur,
1992 2429 2067 2482 ita
2104 2429 2366 2483 referente

223 2506 403 2559 Latini
427 2520 642 2561 vocant.
659 2508 1002 2562 lima-De
1029 2514 1254 2579 σπιθαμῇ
1343 2510 1537 2569 Athen.
1564 2510 1659 2563 lib.
1682 2509 1839 2571 XIV,
1866 2526 1990 2579 pag.
2020 2507 2091 2561 65
2104 2529 2154 2560 2.
2182 2508 2252 2560 Η.

219 2588 330 2655 jam
359 2587 532 2639 rusius
555 2588 790 2657 egimus,
817 2588 911 2641 lib.
927 2589 1066 2652 vn,
1097 2607 1144 2643 c.
1187 2608 1213 2641 τι
1235 2627 1250 2653 ,

223 2678 262 2717 t.
281 2666 398 2727 111,
423 2686 542 2737 pag.
575 2668 680 2731 34,
705 2680 818 2721 not.
853 2686 874 2719 1
907 2666 1001 2721 fin.
1025 2669 1130 2721 En.

303 2749 360 2799 8.
383 2747 633 2799 Dia-imus.
665 2748 794 2817 Cap.
823 2770 850 2813 7
879 2765 892 2799 :
941 2774 962 2795 e
997 2748 1250 2818 Gignitur

221 2824 330 2876 levi
367 2827 716 2898 sabulosaque
759 2840 935 2879 terra:
965 2830 1166 2898 majore
1191 2828 1248 2880 in
1335 2827 1851 2897 ten-Theophrastum
1867 2822 2356 2888 Galenus,St1-abo,

221 2916 372 2973 perte
393 2920 452 2959 et
477 2906 694 2959 nitrosa.
719 2930 742 2953 ι
787 2906 926 2959 Nam
967 2918 1028 2959 nt
1051 2908 1124 2959 ait
1147 2906 1244 2960 lib.
1331 2906 1681 2969 Plutarchus,
1708 2904 2053 2958 Philostratus
2092 2904 2353 2973 ἐγκέφαλον

223 2984 410 3037 xm
425 3024 446 3047 ‚
483 3003 602 3056 esp.
624 2986 696 3050 4⁵
714 3024 731 3047 ‚
757 2986 888 3039 nitri
919 2998 1110 3041 natura
1133 3005 1244 3039 non
1332 2997 1550 3051 vocant,
1568 2981 1907 3038 Dioscorides
1920 2977 2193 3053 ἐγκάρδιον.
2216 2981 2353 3035 Nam

221 3064 454 3117 mltum
480 3082 510 3115 a
539 3065 646 3119 sele
669 3063 846 3118 distat.
868 3063 1012 3117 Vide
1041 3078 1095 3119 et
1123 3082 1242 3133 quae
1333 3064 1557 3123 Veteres
1604 3066 1751 3135 ἔγκαρ
1798 3063 1908 3117 sive
1942 3063 2142 3135 ίγκᾳρον
2192 3062 2351 3113 etiam

1417 2590 1521 2644 IX.
1577 2608 1625 2641 1.
1678 2588 1805 2639 Seme
1847 2598 1895 2637 et
1944 2586 2139 2638 caduce.
2181 2586 2361 2639 Theo·

1338 2670 1534 2738 phrast.
1560 2666 1745 2720 iisdem
1774 2666 1983 2728 verbis,
2016 2665 2051 2715 l.
2078 2682 2127 2717 c.
2144 2662 2328 2715 ΗΑΒ».

1418 2770 1471 2801 2.
1503 2747 1653 2815 Quod
1674 2746 1911 2799 cerebrum
1936 2743 2201 2814 appellant.
2222 2743 2361 2796 Prae·

221 3140 458 3197 dicemus
484 3144 579 3197 lib.
603 3146 710 3198 XV
713 3146 802 3207 11,
831 3162 947 3215 cap.
977 3146 1032 3197 3.
1057 3144 1240 3199 Ham).

299 3242 358 3292 9.
383 3224 532 3295 Ergo
563 3224 666 3277 uhi.
706 3224 795 3277 Sic
819 3224 1096 3295 Theophr.
1120 3224 1159 3276 l.
1193 3242 1240 3277 c.

223 3314 274 3355 et
291 3302 464 3373 Geop.
481 3302 650 3357 Λυσι.
669 3303 772 3355 lib.
790 3304 844 3355 X
857 3342 876 3367 ‚
895 3322 1012 3373 cap.
1035 3311 1066 3367 4
1081 3342 1098 3367 ,
1121 3322 1240 3375 pag.

229 3381 350 3435 ³51.
365 3382 430 3437 Id
443 3383 596 3454 apud
615 3382 940 3454 Babylonios
959 3382 1075 3437 fieri
1097 3382 1240 3437 idem

221 3460 484 3535 Tbeupbr.
513 3461 790 3533 prodidit,
817 3460 886 3515 de
911 3464 1122 3529 Cnosis,
1145 3462 1242 3517 lib.

221 3542 328 3606 111,
353 3560 466 3616 cap.
491 3562 566 3595 υ
585 3580 604 3606 ,
635 3561 694 3613 p.
727 3544 854 3596 286.
873 3542 1055 3595 Hann-

297 3640 372 3675 ιο.
419 3622 696 3693 Qualem.
729 3621 1006 3693 Theophr.
1042 3621 1240 3677 Histor.

215 3700 298 3754 lib.
321 3703 410 3770 11,
448 3722 574 3775 cap.
595 3704 654 3755 8.
679 3702 864 3755 Ham).

287 3802 372 3837 η.
409 3784 612 3837 Ferunt
650 3781 836 3833 statim.
883 3780 1000 3834 Hoc
1046 3780 1115 3833 de
1165 3781 1240 3834 fe·

207 3861 452 3919 cundiam
529 3861 738 3933 palmo
803 3877 992 3929 genere
1059 3874 1240 3913 narrat

203 3944 467 4017 Theophr.
495 3942 651 3997 Εἰσί.
685 3939 976 4022 ρΙοιιικΙίὴ.
1007 3941 1097 4005 11,
1117 3959 1233 4011 cap.

1330 3144 1609 3197 cerebrum
1651 3142 1916 3197 dixerunt.
1960 3140 2100 3207 Plut.
2132 3139 2351 3212 quidem

1327 3220 1422 3275 lib.
1439 3220 1507 3275 de
1536 3222 1717 3277 tuend.
1738 3219 1987 3274 valetud.
2009 3219 2067 3274 id
2084 3218 2349 3291 praedulce

1331 3319 1443 3355 esse
1470 3302 1567 3366 ait,
1595 3301 1687 3356 sed
1716 3303 2032 3372 κιφαλαλγίς.
2066 3300 2223 3353 Philo
2250 3300 2345 3354 lib.

1328 3381 1357 3431 1
1385 3380 1453 3435 de
1483 3382 1591 3436 vita
1616 3382 1781 3437 Mosis
1814 3392 1997 3435 auctor
2034 3392 2139 3444 est,
2160 3379 2349 3450 palmo

1328 3461 1545 3513 vitalem
1565 3462 1677 3515 vim
1707 3462 1763 3513 in
1790 3458 2061 3513 radicibus
2086 3457 2349 3513 defossam

1327 3558 1439 3593 non
1476 3560 1589 3594 esse
1622 3554 1681 3594 ut
1714 3540 1768 3593 iu
1808 3538 2029 3609 reliquis
2063 3538 2346 3609 stirpibus,

1327 3618 1422 3674 sed
1444 3620 1499 3674 in
1519 3638 1729 3673 summo
1746 3618 1927 3673 trunci
1941 3618 2139 3671 vertice
2152 3618 2348 3689 vigere,

1329 3711 1599 3771 tamquam
1618 3700 1675 3753 in
1696 3696 1860 3753 corde
1876 3735 1892 3761 ,
1909 3716 1969 3751 ac
1993 3698 2049 3749 in
2075 3716 2347 3750 ramorum

1329 3778 1733 3851 medio,quibus
1757 3778 1902 3831 velut
1924 3776 2235 3831 satellitibus
2252 3776 2346 3829 sti·

1327 3873 1502 3928 petor.
1524 3856 2344 3925 Guumnmm—-Exempwque,

1325 3939 1579 3996 chiffletii
1596 3938 1718 3993 cod.
1744 3946 2064 4005 exemptoque.
2078 3934 2179 3987 Eu.

1967 4024 2083 4109 11³
