2850 4684
509 380 655 427 202

1029 358 1106 425 c.
1163 356 1503 427 PLlNll
1556 356 1775 427 ΜΤ.
1832 360 2093 453 urs‘r.

503 486 736 557 hendit
767 487 998 557 vitium
1019 540 1040 573 ,
1075 489 1268 557 unius
1307 475 1589 559 schedae⁸
1616 489 1987 561 revulsione
2016 488 2237 584 plures
2274 490 2629 559 infestante

503 594 794 687 paginas.
841 592 946 660 ob
993 592 1134 663 haec
1177 594 1445 687 praelata
1492 596 1799 665 omnibus
1836 596 2113 667 Claudia
2130 648 2149 680 ,
2191 598 2512 689 Augustae
2560 598 2628 664 in

505 696 796 792 epistolis
823 700 1178 768 auctoritas
1207 699 1478 769 relicta:
1514 704 1791 771 Liviana
1816 726 1999 771 suam
2026 702 2269 785 tenuit,
2296 702 2445 770 cui⁹
2462 700 2626 770 nihil

507 805 737 897 primae
773 818 934 873 erat.

609 912 830 979 XXV.
907 910 1230 980 Scabritia
1289 909 1629 1006 laevig‘atur
1650 910 1667 935 ¹
1728 910 1926 981 dente
1962 964 1983 999 ‚
2038 912 2381 981 conchave
2434 932 2453 975 ι

504 1134 711 1192 gustam
749 1122 986 1193 epistolis
1027 1120 1297 1177 laudatam
1335 1136 1390 1177 et
1435 1142 1517 1177 re-

499 1201 678 1255 licum
693 1239 710 1266 ,
757 1202 1016 1255 Martialis
1069 1201 1410 1273 epistolarum
1454 1204 1520 1255 li-

501 1279 604 1332 bro
661 1280 852 1333 ultimo
919 1281 1242 1333 salutatricem
1299 1295 1455 1335 vocat
1501 1300 1515 1334 τ

509 1384 535 1405 ι
561 1360 771 1412 Marcus
807 1372 944 1414 amat
981 1373 1184 1413 nostras
1225 1362 1519 1427 Antonius,

504 1438 674 1491 Attice
691 1476 708 1500 ,
736 1438 938 1503 Musas,
965 1440 1160 1493 Charta
1181 1441 1449 1493 salutatrix
1476 1440 1521 1493 si

503 1516 666 1570 modo
696 1536 818 1571 vera
851 1519 1028 1573 refert.
1053 1544 1076 1565 n
1115 1518 1276 1584 Quod
1301 1536 1402 1589 pro
1434 1520 1523 1573 Li-

501 1597 654 1650 viana
669 1599 880 1669 reponit
893 1596 1161 1651 Guilland.
1179 1599 1519 1663 Fannianam,

503 1688 565 1729 ut
592 1678 916 1748 Augustam,
950 1678 1220 1731 Livianam
1244 1710 1260 1737 ‚
1297 1677 1522 1731 Hierati-

505 1774 622 1807 csrn
649 1755 886 1809 eamdem
913 1774 1022 1810 esse
1043 1769 1344 1811 constanter
1375 1756 1520 1810 affir-

504 1851 652 1886 mare
679 1852 792 1887 non
817 1834 1050 1901 desinat,
1081 1834 1136 1887 id
1171 1849 1358 1889 contra
1381 1849 1521 1889 vete·

503 1930 626 1965 rum
663 1912 906 1967 codicum
935 1915 1298 1969 auctoritatem
1327 1916 1513 1979 statui,

503 2009 534 2043 a
563 1992 820 2064 nobisque
857 1994 1075 2047 minime
1111 1996 1330 2065 probari
1359 2014 1519 2066 supra

503 2068 706 2123 dictum
741 2085 835 2125 est.
869 2074 1007 2127 Hinc
1041 2074 1254 2144 quidem
1289 2092 1387 2126 nos
1416 2091 1517 2144 pro

503 2150 860 2203 ostimationis
899 2170 959 2203 ac
996 2152 1156 2222 pretii
1204 2151 1393 2206 ordine
1411 2192 1427 2217 ,
1466 2166 1519 2208 et

501 2226 792 2281 latitudinis
825 2230 1098 2295 varietate,
1125 2233 1374 2301 quoniam
1406 2232 1517 2285 fere

503 2325 600 2377 par
624 2320 758 2361 esset
779 2308 1016 2361 omnium
1042 2309 1320 2381 longitudo
1333 2352 1350 2377 ,
1369 2312 1519 2364 char·

499 2398 576 2439 tas
605 2404 884 2440 numerare
906 2426 921 2452 ,
947 2408 1006 2441 ac
1029 2390 1136 2443 suis
1155 2392 1406 2445 classibus
1431 2408 1517 2443 re-

498 2482 708 2520 censere
725 2484 999 2537 possumus
1009 2506 1026 2533 ,
1047 2471 1264 2539 Augusti
1277 2484 1517 2541 tempore

500 2546 820 2599 mam-ocolus
841 2548 1036 2615 primas
1050 2587 1065 2612 ,
1089 2548 1280 2618 pedem
1301 2564 1392 2603 aut
1413 2568 1517 2603 ses-

499 2624 784 2696 quipedem
821 2626 982 2681 latas:
1021 2628 1308 2698 Augustam
1345 2642 1396 2681 et
1425 2630 1516 2681 Li-

497 2705 705 2757 vianam
738 2704 968 2776 optimas
993 2705 1186 2779 digitos
1223 2708 1513 2761 tredecim:

471 2781 812 2837 ·Hieraticsm
859 2786 1108 2840 undecim
1129 2826 1146 2853 ,
1195 2788 1516 2841 Fannianam

499 2859 686 2915 decem
707 2882 722 2915 ε
755 2866 1258 2935 Amphitheatricsm
1281 2886 1475 2921 novem
1496 2884 1512 2919 ε

496 2940 776 3007 Saiticam,
801 2956 856 2995 et
895 2962 1052 3016 quam
1093 2947 1272 3000 omisit
1302 2958 1514 3013 auctor,

497 3020 791 3074 Taniticam
809 3060 826 3086 ,
869 3026 1144 3093 pauciores
1187 3044 1380 3097 nempe
1436 3044 1515 3078 se-

497 3112 640 3169 ptem
655 3137 672 3163 ,
695 3100 776 3153 vel
799 3114 918 3154 octo
934 3120 952 3154 :
975 3104 1072 3156 Em
1081 3105 1366 3175 poreticam
1387 3122 1513 3158 sex:

497 3194 626 3247 quas
646 3197 829 3232 omnes
856 3183 1072 3237 anteivit
1091 3196 1143 3235 et
1167 3184 1437 3249 bonitate,
1462 3196 1517 3236 et

497 3255 804 3327 dignatione
879 3260 1097 3315 Claudia
1117 3298 1131 3321 .
1211 3263 1514 3333 principatu

497 3336 706 3390 Claudii
729 3350 864 3391 texta
886 3357 917 3391 e
937 3338 1149 3394 duobus
1173 3342 1513 3406 staminibus,

496 3416 607 3469 sive
631 3418 997 3471 statuminibus
1021 3432 1075 3473 et
1099 3420 1376 3491 interjecto
1405 3440 1515 3473 uno

497 3495 853 3566 subtegmine,
895 3498 1135 3568 optimis,
1177 3517 1373 3570 nempe
1409 3503 1518 3553 Au-

495 3587 642 3644 gusta
671 3588 724 3627 et
747 3574 992 3636 Liviana,
1027 3579 1294 3650 aliquanto
1325 3580 1513 3643 latior,

497 3666 556 3705 ut
567 3656 806 3724 suspicor
817 3654 884 3707 ad
892 3655 1083 3727 digitos
1093 3658 1513 3728 quatuordecim,

495 3732 578 3785 vel
607 3732 930 3804 quindecim.
967 3738 1174 3790 Duae.
1205 3770 1284 3781 —
1314 3738 1513 3789 Macro-

495 3813 650 3864 collis.
673 3815 750 3865 Ita
773 3814 925 3869 MSS.
945 3818 1072 3887 Reg.
1097 3816 1254 3870 Colb.
1277 3829 1377 3869 etc.
1401 3834 1513 3869 non

497 3894 770 3945 incrementis
797 3914 816 3947 :
855 3896 958 3949 hoc
1009 3908 1086 3949 est
1104 3934 1121 3960 ,
1171 3897 1513 3966 μακρωιόλλοις

497 3990 604 4025 non
621 3974 965 4043 μᾶκροιιῶλοις.
991 3974 1201 4029 Charta
1219 3976 1348 4029 olim
1371 3974 1513 4028 inter

2508 912 2627 980 sed

1604 1142 1661 1177 se
1682 1124 2065 1195 jungebantur,
2090 1137 2143 1177 et
2166 1124 2366 1194 glutine
2382 1126 2629 1196 compin-

1606 1203 1879 1275 gebantur.
1920 1204 2123 1273 Majore
2154 1202 2374 1256 modulo
2408 1222 2627 1275 compa·

1606 1282 1835 1352 ginatam
1856 1282 2091 1334 chartam
2116 1286 2438 1351 μακρόκολλον
2464 1301 2627 1336 voca-

1605 1361 1750 1413 bant.
1810 1361 1907 1413 1¹1oe
1961 1363 2146 1413 chae-tce
2194 1364 2396 1430 majores
2413 1402 2431 1425 ,
2480 1362 2627 1431 apud

1608 1440 1919 1492 Suetonium
1966 1440 2023 1492 in
2066 1444 2319 1510 Augusto.
2366 1442 2441 1493 Et
2481 1441 2626 1511 apud

1606 1518 1833 1571 martial.
1880 1516 1975 1571 lib.
2018 1520 2079 1583 1,
2126 1520 2261 1589 epig.
2316 1526 2387 1582 45
2411 1558 2427 1583 ,
2470 1524 2629 1589 major

1606 1598 1775 1649 charta
1791 1636 1807 1664 ,
1822 1602 2063 1669 minorque
2076 1616 2097 1651 .·
2114 1597 2263 1669 quod
2284 1598 2423 1668 fugit
2442 1618 2629 1653 omnes

1607 1675 1781 1729 adbuc
1806 1677 2137 1747 interpretes.
2164 1679 2347 1729 Hann.

1688 1758 1741 1810 8.
1781 1756 1935 1809 Unius
1968 1756 2169 1809 schedae.
2204 1756 2388 1821 Quum
2416 1756 2627 1826 plagula

1607 1852 1713 1887 una
1752 1835 1962 1905 longior
2006 1836 2333 1889 eximebatur
2370 1853 2403 1886 a
2436 1836 2591 1904 prelo
2611 1874 2626 1899 ,

1608 1927 1669 1967 ut
1704 1915 1987 1968 siccaretur
2020 1915 2155 1976 sole,
2194 1913 2427 1967 abstrahi
2454 1914 2515 1966 in
2542 1927 2627 1967 to·

1606 2004 1722 2045 tum
1762 2012 1823 2045 ea
1863 1994 1951 2047 vix
1988 2006 2233 2064 poterat,
2264 1993 2395 2064 quin
2436 1992 2625 2046 scheda

1604 2072 1783 2143 aliqua
1810 2084 2097 2125 transversa
2123 2091 2215 2125 seu
2242 2072 2455 2143 philyra
2474 2091 2506 2123 a
2532 2090 2623 2125 sua

1604 2154 1798 2223 pagina
1840 2150 2211 2217 divelleretur,
2256 2151 2626 2221 subjectasque

1602 2232 1820 2301 paginas
1854 2222 1989 2299 (nos
2013 2228 2137 2284 folia
2162 2226 2421 2292 dicimus)
2444 2230 2509 2282 iis
2538 2229 2627 2282 ad-

1601 2310 1891 2364 haerescens
1904 2348 1923 2375 ,
1943 2310 2179 2375 luderet,
2200 2309 2495 2374 infestaret,
2516 2326 2626 2361 eor·

1602 2402 1898 2461 rumperet.
1922 2391 2103 2443 Hsnn.

1686 2488 1741 2537 9.
1768 2470 1863 2523 Cui
1878 2470 2014 2521 nilu‘l.
2036 2470 2171 2533 Quis
2198 2468 2373 2520 nullas
2400 2466 2589 2537 primo
2608 2506 2623 2533 ,

1603 2548 1709 2601 hoc
1736 2560 1817 2601 est
1830 2585 1847 2613 ,
1887 2546 2123 2602 claudia
2168 2546 2319 2601 dotes
2358 2548 2579 2599 haberet
2610 2566 2625 2599 :

1601 2628 1823 2681 baberet
1840 2640 2015 2681 autem
2036 2644 2221 2681 omnes
2232 2624 2506 2689 secunda,
2524 2627 2626 2680 hoc

1605 2720 1683 2760 est
1702 2746 1719 2771 ‚
1742 2709 2007 2779 Augusto.
2026 2705 2201 2756 Haut).

1683 2787 1861 2839 XXV.
1890 2805 1913 2839 1
1926 2826 1939 2838 .
1969 2785 2211 2839 Scabritt'a
2236 2784 2515 2853 loeva'gasur.
2528 2784 2627 2835 vi-

1604 2864 1677 2919 tia
1704 2868 2004 2918 chartarum
2040 2865 2129 2918 bic
2156 2875 2341 2917 auctor
2364 2876 2629 2917 memorat

1602 2956 1850 3016 quatuor,
1870 2946 2167 2997 scabritiem
2182 2978 2197 3001 ,
2218 2942 2477 2995 rebellem
2508 2960 2630 2994 eon·

1602 3024 1885 3077 tumaciam
1926 3059 1944 3090 ,
2008 3022 2311 3092 lentiginem
2344 3058 2363 3083 ,
2418 3020 2629 3075 taniam

1602 3118 1765 3156 unam
1783 3141 1800 3169 ,
1825 3103 1908 3155 vel
1938 3102 2133 3173 plures.
2156 3099 2431 3153 Scabritioe
2454 3118 2625 3153 reme·

1605 3181 1757 3235 dium
1780 3194 1857 3235 est
1870 3220 1886 3245 ,
1926 3180 2084 3234 dente
2111 3181 2197 3233 vel
2232 3179 2437 3233 concha
2450 3216 2469 3241 ,
2496 3180 2629 3250 poli·

1600 3272 1716 3314 tura
1733 3300 1750 3326 ,
1780 3258 2141 3313 moderatione
2162 3272 2337 3311 tamen
2358 3256 2597 3310 adbibita
2610 3296 2625 3321 ,

1600 3359 1669 3394 ne
1721 3339 2079 3395 vehementius
2138 3350 2423 3391 exteratur.
2486 3336 2621 3389 Nam

1602 3419 1841 3491 quamvis
1859 3438 1917 3472 ea
1942 3414 2363 3488 complanatiorl'e
2378 3454 2395 3480 ,
2426 3432 2487 3467 ac
2509 3432 2627 3467 eru·

1602 3500 1815 3570 gatione
1840 3496 2111 3570 splendeat
2135 3497 2332 3565 magis,
2364 3495 2624 3565 fulgente-

1601 3595 1707 3649 que
1728 3580 1902 3631 nitore
1922 3576 2091 3630 oeulis
2112 3576 2315 3646 placeat
2329 3613 2344 3640 ,
2366 3572 2623 3627 validiore

1600 3670 1775 3712 tamen
1816 3657 1996 3710 attritu
2024 3672 2135 3707 non
2158 3656 2343 3709 sorbet
2364 3666 2623 3706 ammen-

1598 3748 1713 3789 tum
1730 3776 1746 3802 ,
1768 3736 1864 3791 sed
1874 3735 2106 3807 respuit.
2126 3748 2183 3787 et
2196 3772 2213 3796 ‚
2234 3733 2277 3785 si
2296 3752 2415 3805 quse
2432 3732 2621 3784 littera

1599 3818 1825 3888 appictae
1864 3816 1971 3869 sint
1994 3854 2011 3879 ‚
2068 3813 2325 3867 instabilis
2371 3826 2425 3864 et
2470 3811 2623 3881 fugax

1600 3898 1859 3967 scriptura
1898 3913 2009 3947 non
2047 3904 2346 3963 permanet.
2382 3890 2621 3943 Alterum

1600 3976 1787 4029 vitium
1828 3987 1908 4028 est
1944 3973 2183 4029 rebellio.
2220 3970 2501 4025 Rebellant
2532 3966 2623 4038 qui
