2850 4684
1057 400 1376 469 LIBER
1439 402 1601 469 XV.

144 551 155 561 ·
257 529 565 623 Augetur
596 524 881 597 oleum¹⁰
907 527 993 596 ad
1028 531 1295 600 Arcturi
1334 544 1638 600 exortum
1671 554 1730 599 a.
1767 530 1833 599 d.
1865 528 2031 599 xv1¹
2041 526 2396 605 ‘calendas

2243 396 2386 495 377

260 633 604 703 octobris.
652 648 883 753 postea
924 634 1141 704 nuclei
1168 638 1546 707 increscunt
1575 650 1642 706 et
1667 660 1842 706 caro.
1887 636 2118 724 Quum
2153 636 2396 767 sitienti

260 740 513 809 imbres
536 739 788 877 copiosi
824 740 1201 811 accessere¹

1236 744 1564 831 ,vitiatur
1603 741 1879 812 oleum'
1859 765 1930 809 m
1975 726 2376 811 amurcam¹³

260 846 485 939 Hujus
510 832 761 915 color¹⁴
786 844 1027 916 olivam
1058 849 1239 943 cogit
1272 851 1696 945 nigrescere·
1739 848 2018 942 ideoque
2045 848 2398 977 incipiente

263 952 571 1047 nigritia,
622 952 974 1021 minimum
1008 977 1342 1024 amurcae.

1388 969 1544 1023 ante
1599 978 1746 1025 eam
1793 952 1980 1023 nihil.
2025 939 2170 1023 Et¹⁵
2211 977 2401 1023 error

264 1058 617 1127 hominum
646 1056 886 1144 falsus,
934 1062 1448 1130 existimantium
1475 1061 1874 1130 maturitatis
1901 1060 2161 1128 initium
2174 1060 2400 1154 ‚quod

263 1178 371 1233 est
412 1164 558 1233 vitii
602 1166 997 1259 proximum.
1046 1166 1341 1251 Deinde,
1382 1168 1562 1263 quod
1611 1166 1831 1235 oleum
1877 1189 2176 1235 crescere
2215 1165 2406 1237 olivoe
2448 1184 2480 1241 4

263 1292 469 1339 carne
507 1270 948 1358 arbitrantur,
990 1294 1193 1365 quum
1233 1298 1470 1343 succus
1507 1276 1724 1344 omnis
1752 1274 1824 1341 in
1847 1271 2124 1369 corpus¹
2128 1258 2404 1361 ⁶,abeat

354 1557 445 1595 ιο.
474 1538 703 1607 Augem-
726 1538 895 1591 oleum.
920 1540 1095 1593 Ambo
1118 1556 1296 1594 exem-

266 1618 439 1693 pluria
454 1637 470 1672 :
491 1644 515 1667 ι
530 1616 775 1688 Augetur
792 1617 971 1671 oleum
992 1616 1061 1671 ad
1077 1618 1299 1673 Arcturi

267 1710 549 1763 exortum,
580 1695 650 1750 ad
689 1716 802 1763 171,
828 1709 928 1751 etc.
963 1724 986 1747 ι
1029 1698 1301 1753 verissima

268 1777 533 1842 lectione,
564 1788 617 1830 et
636 1794 757 1847 que
786 1789 1013 1847 patrono
1050 1777 1301 1831 fulciatur

270 1858 667 1928 Theophrasto.
688 1855 809 1909 Erit
835 1875 960 1928 ergo
1001 1856 1073 1909 ad
1094 1858 1303 1911 Arcturi

270 1948 519 1999 exortum,
542 1934 611 1989 ad
634 1948 843 2006 tempus
866 1954 1033 2008 usque
1056 1956 1165 2008 quo
1184 1956 1305 1992 exo·

270 2016 415 2073 ritm-
434 2018 727 2081 Arcturus,
752 2015 896 2087 quod
920 2028 997 2070 est
1018 2036 1111 2071 xvi
1126 2018 1306 2071 kalen-
1328 2023 1331 2029 '

270 2094 371 2149 das
417 2095 669 2149 octobris.
716 2096 1114 2165 Theophrastus
1162 2096 1303 2150 libro

272 2176 458 2247 primo
502 2174 578 2246 ‘de
607 2175 793 2229 Causis
828 2176 1159 2248 plantarum,
1185 2196 1301 2247 cap.

274 2255 541 2328 vigesimo
565 2255 725 2308 tertio
747 2274 765 2309 ε
807 2281 830 2303 ι
860 2254 1147 2308 Nonnullis
1170 2274 1305 2327 quo-

274 2334 403 2391 dam
442 2346 685 2405 tempore
739 2347 862 2405 post
908 2334 1061 2405 copia
1109 2334 1309 2407 largior

274 2414 397 2469 data
416 2450 437 2478 ‚
464 2424 529 2466 ut
555 2414 711 2467 olivis
751 2427 873 2484 post
900 2414 1115 2472 Arcturi
1152 2434 1307 2469 exor-

248 2508 432 2558 ·tum,
459 2506 559 2546 etc.
590 2518 614 2541 ιι
645 2493 805 2545 Purr.

367 2591 460 2627 ιι.
504 2574 576 2626 A.
604 2572 659 2627 d.
692 2573 843 2626 XVI
893 2572 1141 2627 kalendas.
1186 2574 1310 2629 Hoc

276 2665 391 2718 est,
416 2664 539 2705 ante
567 2648 713 2705 diem
742 2670 833 2707 xv!
858 2690 875 2719 ,
916 2671 1011 2707 seu
1052 2652 1143 2707 die
1192 2654 1310 2725 ipso

274 2752 374 2786 xvi
421 2731 673 2785 kalendas
704 2750 720 2784 ε
770 2750 873 2804 qua
914 2732 983 2785 de
1015 2733 1189 2787 forma
1230 2734 1311 2786 lo·

276 2810 485 2885 queudi
509 2810 740 2866 diximus
761 2813 855 2865 lib.
880 2812 1049 2879 VIII,
1078 2832 1194 2884 cap.
1219 2832 1311 2883 70.

278 2892 442 2945 Prius
482 2890 753 2962 legebatur
768 2932 785 2955 ,
814 2892 878 2945 ab
904 2892 1112 2946 Arcturi
1141 2905 1311 2946 eros-tu

276 2972 353 3024 ad
368 2970 531 3024 XVI.
554 2971 807 3025 Errorem
842 2972 1041 3044 triplici
1069 2990 1133 3025 ex
1164 2973 1311 3025 fonte

276 3050 611 3105 correximus
661 3070 675 3104 ε
722 3052 992 3122 primum,
1042 3070 1104 3105 ex
1155 3050 1309 3105 MSS.

277 3134 413 3201 Reg.
442 3130 548 3183 Th.
571 3130 727 3185 Colb.
770 3132 827 3184 in
874 3132 1067 3202 quibus
1098 3130 1171 3183 ad
1204 3130 1309 3183 Aa·

284 3212 419 3265 etur-i
460 3222 673 3263 aonam
710 3210 783 3261 ud
843 3210 908 3263 Χ
909 3211 988 3264 VI
1050 3212 1309 3281 scriptum

278 3290 597 3362 reperimus.
624 3288 833 3343 Deinde
852 3308 916 3344 ex
938 3290 1219 3361 Theophr.
1244 3288 1313 3343 de

280 3368 473 3425 Causis
494 3370 661 3439 plant.
686 3368 781 3423 lib.
784 3370 867 3421 vl
881 3388 1029 3440 ,.cap
1064 3389 1085 3423 1
1104 3390 1165 3434 ι,
1188 3387 1311 3441 pag.

284 3448 451 3503 363.
486 3450 699 3520 Λέγουσι
735 3448 833 3521 γὰρ
862 3451 927 3509 ὣς
978 3444 1115 3503 οὐδὲν
1162 3452 1309 3503 πλέον

280 3530 416 3597 ἴσχει
444 3533 531 3582 τοῦ
558 3528 718 3593 naiso
742 3536 857 3599 μα’
883 3520 1180 3599 lpum-cupos,
1212 3542 1311 3584 etc.

282 3610 357 3661 Et
386 3605 625 3681 ejusdem
652 3608 828 3679 operis
849 3608 943 3661 lib.
968 3609 1023 3671 1,
1058 3626 1173 3679 cap.
1206 3610 1309 3675 23,

286 3707 411 3760 pag.
444 3691 592 3741 226:
628 3690 789 3760 Μέχρι
826 3688 921 3759 γὰρ
946 3680 1221 3759 Ᾰρκτοὺρου
1252 3690 1309 3741 τὸ

284 3770 445 3821 ἔλαιον
514 3768 789 3837 ἅγγίνισθαι
839 3763 994 3821 δοκεῖ.
1054 3768 1209 3821 Κατ-α.
1252 3763 1312 3821 δὲ

284 3854 433 3901 τοῦτο
461 3850 551 3907 τῆς
575 3848 751 3915 σαρκὸς
772 3849 805 3901 ἦ
828 3848 1055 3911 αὔξησις,
1074 3860 1217 3900 etc.«
1231 3846 1313 3910 Ad

286 3929 582 3980 Arcturum
610 3945 776 3998 usque
816 3928 992 3979 oleum
1041 3944 1316 3996 augescere

288 4005 528 4061 creditur
554 4018 777 4077 :postea
824 4024 947 4061 caro
990 4005 1252 4060 increscit.
1286 4032 1309 4053 n

1383 1540 1632 1611 De'nique
1656 1558 1720 1593 ex
1744 1540 1863 1611 ipso
1889 1538 2097 1605 Plinio,
2135 1539 2229 1611 qui
2256 1557 2411 1593 exor-

1383 1632 1502 1673 tum
1526 1618 1738 1675 Arcturi
1769 1616 2008 1671 medium
2037 1618 2142 1671 hoc
2171 1618 2290 1691 ipso
2321 1616 2411 1672 die

1385 1699 1592 1765 statuit,
1619 1699 1719 1752 lib.
1741 1700 1958 1763 XVIII,
1978 1716 2095 1769 cap.
2119 1703 2208 1769 74.
2233 1698 2305 1752 Η.

1475 1798 1564 1850 ,¹²-
1579 1780 1851 1833 Accessere.
1873 1778 2052 1831 Dalec.
2075 1780 2318 1831 incessere.
2333 1809 2412 1821 —-·

1392 1859 1556 1929 Quum
1595 1860 1780 1909 sitienti
1815 1856 1984 1911 imbres
2021 1860 2201 1929 copiosi
2249 1876 2416 1911 acces·

1386 1958 1504 1991 sere.
1535 1936 1682 1991 Nihil
1694 1936 1874 1991 dehac
1885 1937 1968 1991 siti
1989 1936 2413 2009 Theophrastus,

1390 2036 1419 2070 a
1441 2034 1552 2089 quo
1575 2016 1782 2070 Plinius
1810 2017 1924 2071 hoec
1951 2016 2144 2071 omissa
2189 2016 2364 2071 hausit
2398 2054 2417 2083 ,

1391 2110 1451 2151 ut
1468 2098 1584 2168 ipse
1600 2097 1939 2150 manifestum
1961 2097 2090 2151 facit
2106 2114 2234 2150 mox
2253 2098 2416 2168 paulo

1390 2178 1546 2230 illum
1584 2176 1750 2230 citans
1766 2215 1783 2242 ,
1823 2195 1986 2249 quare
2009 2177 2084 2229 ita
2107 2194 2208 2247 ego
2239 2176 2416 2247 legen·

1390 2254 1522 2309 dum
1571 2256 1864 2318 censuerim
1887 2294 1904 2325 ,
1953 2281 1976 2303 ι
2007 2255 2153 2322 Quid
2182 2255 2227 2309 si
2257 2255 2416 2309 etiam

1392 2336 1592 2389 imbres
1641 2335 1846 2409 copiosi
1897 2354 2162 2390 accessere
2178 2373 2195 2401 ,
2248 2348 2350 2389 etc.
2386 2358 2411 2383 n

1392 2415 1821 2487 Theophrastus,
1844 2416 1938 2468 lib.
1963 2416 2023 2485 I,
2049 2432 2164 2487 cap.
2199 2415 2268 2468 23
2295 2454 2314 2481 ‚
2349 2413 2419 2467 de

1394 2495 1580 2549 Causis
1604 2495 1774 2568 plant.
1793 2512 1818 2539 ‘t
1845 2495 2030 2548 Postea
2057 2494 2230 2548 carnis
2255 2494 2422 2547 incre-

1396 2588 1636 2630 mentum
1684 2572 1922 2639 succedit
1947 2610 1963 2637 ,
2017 2585 2072 2626 et
2130 2574 2175 2626 si
2220 2572 2420 2625 imbres

1395 2655 1600 2726 copiosi
1623 2670 1883 2707 accessere
1897 2690 1913 2717 ,
1953 2652 2128 2703 oleum
2154 2651 2210 2702 in
2242 2662 2422 2703 amur-

1396 2752 1512 2788 cam
1542 2732 1775 2787 deterius
1801 2730 2064 2785 redditur.
2104 2755 2128 2778 a·
2159 2730 2315 2781 Pur.
2341 2762 2422 2773 —-

1402 2815 1563 2885 Quum
1581 2814 1780 2866 sitienti.
1799 2812 1980 2877 Quum
1997 2821 2117 2881 post
2131 2808 2422 2862 siccitatem

1398 2892 1598 2945 imbres
1625 2891 1828 2963 copiosi
1857 2890 2026 2943 oleam
2057 2889 2262 2959 rigant,
2307 2904 2424 2941 cor-

1398 2972 1670 3044 rumpitur
1697 2972 1905 3034 oleum,
1935 2980 1990 3021 et
2027 2969 2150 3041 plus
2193 2986 2424 3021 amurca

1396 3052 1580 3106 habet.
1609 3050 1890 3120 Theophr.
1944 3047 2013 3102 de
2040 3049 2198 3102 Caus.
2231 3046 2328 3101 lib.
2357 3049 2420 3113 1,

1398 3150 1446 3185 c.
1480 3130 1580 3196 23,
1610 3150 1666 3201 p.
1689 3133 1832 3183 226:
1863 3129 1966 3183 Καὶ
1989 3128 2071 3181 ἐάν
2099 3146 2156 3197 γε
2179 3122 2246 3185 δὴ
2269 3129 2429 3181 πλείω

1396 3217 1514 3280 ποιῇ
1545 3206 1747 3263 ὕδατα·
1787 3208 1874 3261 καὶ
1912 3211 2067 3280 χαῖρον
2110 3209 2328 3278 γίνεσθαι
2367 3209 2424 3261 τὸ

1397 3293 1556 3345 ἔλαιον
1572 3328 1591 3356 ,
1620 3290 1834 3361 ἀμοργὴν
1862 3286 2134 3359 ingreium
2160 3290 2332 3341 πλείω.
2349 3288 2418 3340 Η.

1488 3370 1576 3423 ι3.
1620 3372 1904 3422 Auum-cam.
1943 3368 2058 3421 MS.
2099 3386 2309 3421 amurca.
2344 3368 2427 3421 De

1400 3467 1614 3505 amurca
1641 3447 1751 3501 vid.
1783 3448 2002 3502 Excurs.
2032 3448 2090 3499 H
2115 3444 2186 3500 ad
2225 3446 2422 3501 calcem

1399 3531 1560 3601 hujus
1587 3528 1732 3582 libri.
1761 3529 1868 3581 En.

1491 3616 1575 3673 πή.
1633 3608 1794 3678 Hujus
1841 3607 1992 3659 color.
2033 3604 2306 3677 Theophr.
2358 3602 2427 3659 de

1400 3690 1556 3745 Caus.
1571 3688 1666 3741 lib.
1679 3688 1789 3749 vl,
1813 3704 1930 3759 cap.
1959 3704 1984 3739 1
2000 3704 2051 3751 ι,
2071 3704 2190 3756 pag.
2207 3682 2339 3738 363.
2357 3683 2425 3737 Η.

1488 3786 1511 3821 ι
1522 3775 1572 3823 5.
1589 3768 1643 3821 E
1645 3780 1666 3817 t
1683 3762 1834 3821 err-or.
1845 3767 2018 3833 Quem
2028 3764 2430 3835 Theophrastus

1400 3848 1602 3920 pariter
1621 3848 1658 3901 l.
1687 3866 1734 3901 c.
1763 3844 2151 3900 animadvertit.
2175 3844 2357 3896 Banu.

1489 3932 1578 3983 16.
1608 3928 1669 3980 In
1699 3945 1870 3997 cor-pus
1893 3926 2055 3979 abeat.
2083 3924 2149 3977 Iu
2175 3938 2388 3983 caruem
2411 3938 2428 3974 ε

1402 4005 1546 4061 unde
1573 4007 1741 4061 feces.
1771 4005 1952 4058 Hsau.
