2850 4684
1027 382 1344 457 LIBER
1391 384 1608 457 XVI.

2244 388 2389 488 609

243 516 476 589 relicta
495 570 514 597 ‚
536 540 722 612 aeque
749 516 1051 587 miraculi
1073 542 1306 603 causa,
1324 542 1473 613 quae
1489 518 1861 589 diribitorio
1879 504 1903 543 ⁵
1932 520 2388 616 superfuerat,

241 652 344 697 xx
375 623 658 721 pedibus
686 623 975 709 brevior,
1013 623 1450 720 sesquipedali
1480 626 1927 696 crassitudine.
1958 628 2157 706 Abies
2181 630 2389 699 admi·

243 732 522 801 rationis
565 732 918 826 praecipuae
951 732 1092 801 visa
1135 744 1238 801 est
1271 733 1342 801 in
1377 732 1567 820 navi,
1600 756 1749 826 quae
1790 757 1874 802 ex
1912 736 2199 830 AEgypto
2245 738 2389 806 Caii

241 969 530 1040 magnifico
546 1006 562 1031 ,
587 964 966 1035 excellentique
983 964 1129 1018 cultu
1147 1002 1162 1027 ,
1185 982 1271 1017 ex-

241 1049 400 1103 celsis
427 1047 752 1119 porticibus,
783 1044 1194 1115 ingentibusque
1216 1055 1273 1097 et

240 1128 437 1199 amplis
467 1125 921 1181 ambulationibus
968 1137 1179 1189 ornata,
1211 1122 1268 1175 in

239 1208 440 1278 quibus
466 1206 712 1277 pretioso
749 1221 948 1257 merces
983 1201 1274 1256 venumda-

237 1288 458 1340 bantur,
471 1286 556 1338 Eo
575 1284 808 1357 populus
821 1280 890 1336 ad
911 1282 1125 1336 comitia
1147 1301 1273 1338 con·

237 1366 522 1428 veniebat,
551 1377 614 1419 nt
651 1363 884 1418 honores
926 1361 1080 1415 daret
1117 1376 1170 1416 et
1199 1360 1270 1415 de

236 1464 358 1517 rep.
387 1457 646 1499 cerneret.
689 1442 839 1497 Alex.
868 1444 935 1495 ab
979 1442 1128 1496 Alex.
1167 1442 1266 1495 lib.

235 1526 327 1588 11,
357 1544 476 1595 oep.
529 1527 613 1578 18.
655 1524 862 1575 Dsuc.
893 1554 976 1565 --
1009 1522 1187 1576 Fuit...
1219 1533 1270 1573 ee

237 1608 294 1658 in
311 1604 578 1676 porticibus
603 1615 861 1674 septorum.
899 1601 1062 1674 Septa
1091 1600 1268 1656 dictus

237 1696 321 1739 est
341 1683 514 1749 locus,
531 1702 640 1755 qno
662 1682 893 1754 populus
919 1682 1268 1735 conveniebat

236 1762 309 1817 ad
356 1761 576 1817 ferenda
616 1762 864 1831 suffragia
901 1761 956 1815 in
997 1761 1260 1815 comitiis:

235 1842 332 1917 qui
358 1844 514 1896 locus
533 1840 721 1913 ligneis
738 1841 971 1911 primum
991 1838 1260 1897 cancellis,

235 1935 362 1995 post
402 1921 714 1975 marmoreis
760 1932 939 1992 septus
979 1931 1074 1973 est.
1127 1918 1264 1973 Inde

233 2021 454 2057 nornen.
479 2000 666 2055 Hann.

322 2082 375 2136 5.
435 2080 740 2133 Diribitorio.
788 2078 896 2132 Alii
958 2078 1261 2134 delibata-io.

233 2160 521 2215 Suetonius
559 2160 614 2214 in
667 2155 895 2213 Claudio
943 2158 1264 2213 diribitorium

234 2242 472 2313 appellat
491 2259 504 2293 :
519 2240 756 2311 itemque
770 2238 932 2303 Dion,
947 2258 1148 2310 grecus
1167 2259 1261 2294 au-

233 2334 383 2384 ctor,
405 2316 778 2391 διιριὸιτῶριον,
795 2331 857 2371 ut
877 2316 1107 2373 dubitari
1125 2339 1260 2392 pro-

233 2414 380 2454 terea
399 2418 502 2454 nec
511 2402 674 2471 possit
691 2416 814 2467 ,nec
827 2396 1038 2464 debeat,
1059 2400 1262 2453 etiamsi

232 2498 397 2533 nemo
428 2498 612 2533 eorum
630 2515 648 2541 ‚
692 2478 849 2549 quale
877 2476 936 2529 id
973 2490 1138 2543 essct,
1165 2498 1260 2531 ex-

233 2560 476 2631 plicavit.
501 2560 568 2611 In
596 2556 965 2627 antiquissimo
986 2567 1161 2609 autem
1189 2558 1262 2610 la·

234 2640 349 2693 tino
365 2639 564 2692 Lexico
577 2676 591 2699 ,
615 2638 672 2689 in
699 2629 943 2696 Noricis(
957 2636 1254 2707 Pomponio

101 2732 116 2749 ⁴
232 2718 380 2773 Loto
403 2706 694 2785 referente)
722 2715 978 2785 scriptum
996 2726 1136 2778 erat,
1159 2714 1258 2767 Da·-

233 2798 533 2860 ribs‘eorium,
572 2816 604 2849 a
648 2792 934 2847 diribendo
951 2831 967 2858 ,
999 2792 1104 2845 hoc
1149 2806 1256 2863 est,

233 2874 604 2931 distribuendo
665 2873 999 2928 nominatum
1056 2871 1216 2927 fuisse
1237 2910 1256 2937 ,

233 2955 360 3029 quia
393 2957 539 3009 locus
565 2966 724 3017 esset,
755 2954 812 3006 in
861 2971 971 3024 quo
1013 2970 1254 3005 recense-

233 3050 420 3091 rentur
445 3036 730 3097 exercitus,
753 3046 804 3086 et
823 3029 1089 3104 stipendia
1115 3032 1255 3084 mili-

232 3116 322 3170 tiae
349 3128 758 3169 numerarentur
785 3131 800 3165 :
830 3125 894 3165 ut
931 3111 1136 3163 die-ibere
1156 3110 1252 3175 sit,

231 3194 382 3269 qnod
409 3212 580 3266 grace
618 3188 866 3263 διανίμιιν
895 3192 1134 3263 χρήματα,
1157 3209 1171 3244 :
1197 3190 1254 3245 id

233 3288 408 3330 autem
439 3291 631 3327 munus
656 3273 714 3325 in
745 3272 1029 3342 provinciis
1052 3270 1254 3325 Procu-

231 3368 432 3409 ratores
473 3352 695 3407 Caesaris
739 3352 964 3405 obibant
995 3370 1010 3405 :
1058 3350 1252 3404 Strabo

231 3447 452 3497 auctor,
495 3432 590 3503 qui
635 3443 690 3485 et
727 3432 936 3483 militae-e
975 3432 1254 3499 logisterion

232 3515 417 3569 locum
459 3512 635 3565 vocari
683 3508 846 3563 tradit
893 3510 949 3563 in
997 3510 1254 3563 relatione

337 3593 434 3655 in,
461 3609 572 3643 non
599 3588 908 3643 dissimilem
940 3590 1154 3642 fortasse
1187 3590 1254 3642 ab

234 3692 331 3738 eo,
372 3670 518 3743 quod
545 3688 644 3723 nos
680 3668 1018 3721 diribitorc'um,
1063 3669 1254 3721 Cicero

231 3752 302 3805 de
325 3750 500 3805 reditu
529 3768 626 3801 suo
651 3747 718 3804 ad
745 3760 1014 3801 senatum:
1034 3747 1254 3812 ‹Quan-

233 3830 306 3883 do
323 3870 338 3895 ,
355 3830 562 3901 inquit,
581 3826 688 3882 ulla
715 3826 970 3898 dignitate
993 3838 1074 3879 tot
1099 3844 1254 3897 rogn-

233 3923 404 3972 tores,
432 3908 739 3963 diribitores
784 3904 1134 3977 custodesque
1173 3906 1254 3957 vi·

232 3988 418 4043 distis?
437 4014 460 4035 ι
495 3990 612 4042 Hoc
649 3999 756 4051 est,
785 3983 1042 4039 divisores
1071 3982 1255 4037 distri·

399 4098 472 4165 V
468 4147 491 4161 ,Α

1359 964 1709 1035 butoresque,
1730 966 1823 1037 qui
1838 967 1975 1021 inter
1998 967 2167 1024 tribus
2184 970 2381 1028 viritim

1359 1042 1639 1113 pecuniam
1663 1042 1962 1099 dividerent
1979 1066 1993 1102 ε
2008 1066 2146 1120 quos
2164 1049 2381 1107 Plautus

1359 1122 1416 1174 in
1448 1122 1719 1177 Aulularia
1747 1131 1983 1178 citriorum
2013 1132 2267 1199 magistros
2288 1126 2395 1203 ap·'

1361 1201 1607 1271 pellavit‚
1630 1202 1723 1275 qui
1745 1203 2158 1273 distribuerent,
2178 1210 2375 1281 inquit,

1362 1283 1567 1351 argenti
1618 1283 1787 1337 minas
1828 1284 1886 1337 in
1927 1286 2087 1341 viros.
2141 1290 2275 1343 Nam
2324 1307 2378 1347 et

1357 1360 1622 1415 Pedianus
1650 1364 1905 1417 Asconius
1934 1383 2170 1437 quarere
2212 1368 2267 1423 id
2292 1390 2381 1424 so-

1357 1439 1459 1505 let,
1487 1440 1753 1514 numquid
1780 1444 1950 1497 tribus
1992 1446 2256 1517 legitimos
2281 1450 2381 1503 ali-

1359 1538 1499 1591 quos
1521 1520 2033 1578 habueritdivisores
2052 1544 2191 1580 suos.
2216 1528 2383 1584 Erant

1356 1612 1412 1652 et
1430 1600 1485 1653 in
1501 1601 1757 1670 petitione
1772 1602 2037 1657 honorum
2049 1644 2065 1669 ‚
2080 1607 2173 1677 qui
2200 1609 2381 1663 munia

1356 1690 1410 1731 et
1444 1677 1639 1733 dictata
1680 1682 1923 1753 gratiosis
1960 1685 2259 1757 quibusque
2284 1707 2379 1743 sua

1355 1760 1685 1829 partirentur
1723 1779 1737 1814 :
1772 1773 1835 1814 ut
1868 1762 2011 1833 apud
2062 1765 2378 1821 Ciceronem

1353 1838 1568 1910 legitur.
1594 1842 1859 1893 Ausonius
1878 1837 1945 1895 ad
1972 1842 2285 1897 Gratianum
2308 1846 2377 1901 de

1353 1919 1630 1971 consulatu
1684 1938 1784 1973 suo
1818 1938 1835 1976 t
1877 1948 1899 1968 ι
1924 1922 2070 1976 Nihil
2094 1962 2111 1987 ‚
2158 1924 2338 1997 inquit
2361 1966 2378 1993 ‚

1353 2014 1479 2065 cum
1520 2012 1789 2069 sequestre
1822 1998 2079 2073 deposui,
2112 2023 2235 2057 cum
2266 2004 2374 2061 dis-

1352 2077 1617 2131 tributore
1654 2079 1791 2132 nihil
1824 2082 2020 2152 pegigi.
2045 2108 2068 2130 ι
2104 2084 2375 2139 Distribu-

1352 2166 1525 2209 torem
1568 2158 1781 2211 vocavit
1820 2160 1935 2229 ipse
1976 2180 2140 2234 quem
2183 2164 2373 2218 Cicero

1350 2234 1751 2311 diribifonmAEx
1767 2237 1865 2291 hac
1878 2240 2223 2297 similitudine
2239 2258 2379 2299 stru-

1349 2328 1523 2370 ctores
1549 2319 1855 2389 epularum,
1899 2330 1952 2372 et
1975 2322 2197 2376 omnino
2236 2343 2374 2397 pra·

1349 2397 1511 2465 positi
1526 2398 1773 2467 negotiis,
1788 2400 2105 2454 vocabulum
2132 2400 2191 2455 id
2210 2423 2375 2475 quan-

1349 2472 1527 2546 doque
1557 2478 1844 2548 accipiunt.
1876 2480 2159 2548 Apuleius,
2178 2483 2275 2537 lib.
2316 2486 2373 2537 11

1349 2553 1565 2606 Fabula
1587 2555 1807 2607 Milesio
1842 2573 1857 2607 τ
1900 2582 1923 2603 ι
1944 2558 2219 2629 Frequens
2263 2564 2369 2627 ibi,

1346 2632 1543 2702 inquit,
1576 2634 1867 2703 epulonum
1896 2633 2203 2690 diribitores
2220 2641 2371 2710 plus-

1347 2712 1479 2774 culi,
1506 2711 1787 2781 splendide
1813 2714 1991 2767 amicti
2009 2753 2026 2780 ,
2053 2716 2251 2771 fercula
2277 2738 2371 2773 co-

1345 2791 1523 2861 piosa,
1550 2792 1738 2844 scitule
1780 2790 2141 2846 administrata
2164 2834 2179 2859 ,
2215 2801 2369 2867 pueri

1346 2870 1724 2933 calamistrati,
1767 2872 1987 2942 pulchre
2034 2872 2301 2929 indusiati.
2334 2902 2359 2925 s

1345 2950 1614 3003 Ammian.
1644 2951 1863 3013 xv111,
1898 2950 1928 3003 5
1955 2970 1969 3004 ε
2011 2978 2033 2998 ι
2056 2954 2199 3006 Dum
2227 2956 2361 3019 hac,

1344 3029 1555 3101 inquit,
1582 3031 1637 3083 in
1677 3030 1861 3085 castris
1894 3030 2189 3086 Constantii
2217 3037 2369 3107 quasi

1339 3128 1440 3181 per
1452 3110 1617 3163 lustra
1631 3122 1859 3181 aguntur
1871 3122 1923 3163 et
1936 3128 2164 3175 scenam,
2178 3126 2229 3167 et
2242 3114 2367 3168 diri-

1338 3189 1542 3242 bitores
1556 3188 1890 3243 venumdata
1905 3191 2085 3245 subito
2100 3196 2368 3263 potestatis

1339 3270 1575 3339 pretium
1612 3288 1712 3339 per
1744 3270 1979 3341 potiores
2014 3270 2367 3329 diffunditant

1339 3346 1547 3402 domos.
1557 3374 1580 3395 ι
1598 3349 1786 3403 Hiran.
1800 3350 2363 3409 Bina—Dirihieorio.

1341 3428 1517 3481 Locus
1540 3429 1645 3482 fuit
1670 3429 1727 3481 in
1754 3448 1862 3499 quo
1888 3432 2244 3486 censebantur
2268 3434 2366 3487 mi·

1341 3506 1491 3571 lites,
1519 3521 1571 3562 et
1601 3506 1881 3578 stipendiis
1910 3507 2291 3565 donabantur:
2332 3532 2363 3567 a

1342 3585 1635 3640 diribendo
1658 3628 1675 3651 ‚
1705 3587 1811 3639 hoc
1834 3598 1913 3641 est
1942 3628 1957 3651 ‚
1988 3588 2363 3645 distribuendo

1342 3665 1563 3720 dictum.
1586 3667 1929 3737 Magnificum
1958 3669 2221 3739 imprimis
2234 3669 2363 3725 aedi-

1340 3746 1523 3799 ficium
1542 3746 1613 3799 ab
1636 3746 1867 3817 Agrippa
1890 3748 2227 3814 inchoatum,
2249 3770 2369 3821 per-

1343 3826 1468 3879 fecit
1515 3837 1637 3896 post
1682 3827 1797 3895 ejus
1846 3827 2047 3880 obitum
2078 3830 2363 3899 Augustus.

1343 3904 1487 3958 Vide
1528 3905 1756 3957 Dionem
1806 3902 1874 3958 ad
1920 3924 2005 3959 au.
2036 3908 2368 3975 DCCLvn,

1344 3985 1438 4037 lib.
1467 3984 1583 4038 Lv.
1614 3985 1796 4039 lisso.

2012 4089 2110 4185 39
