<?xml version="1.0" encoding="UTF-8"?>
<!DOCTYPE html PUBLIC "-//W3C//DTD XHTML 1.0 Transitional//EN"
    "http://www.w3.org/TR/xhtml1/DTD/xhtml1-transitional.dtd">
<html xmlns="http://www.w3.org/1999/xhtml" xml:lang="en" lang="en">
 <head>
  <title>
</title>
<meta http-equiv="Content-Type" content="text/html;charset=utf-8" />
  <meta name='ocr-system' content='tesseract 3.04.00' />
  <meta name='ocr-capabilities' content='ocr_page ocr_carea ocr_par ocr_line ocrx_word'/>
</head>
<body>
  <div class='ocr_page' id='page_1' title='image "./historiaenatura00delagoog_0079.png"; bbox 0 0 2850 4684; ppageno 0'>
   <div class='ocr_carea' id='block_1_1' title="bbox 537 322 2123 433">
    <p class='ocr_par' dir='ltr' id='par_1_1' title="bbox 537 322 2123 433">
     <span class='ocr_line' id='line_1_1' title="bbox 537 322 2123 433; baseline -0.001 -2"><span class='ocrx_word' id='word_1_1' title='bbox 537 360 632 433; x_wconf 83' lang='lat'>68</span> <span class='ocrx_word' id='word_1_2' title='bbox 1082 364 1160 431; x_wconf 90' lang='lat' dir='ltr'>c.</span> <span class='ocrx_word' id='word_1_3' title='bbox 1211 362 1546 431; x_wconf 82' lang='lat' dir='ltr'><strong>PLINII</strong></span> <span class='ocrx_word' id='word_1_4' title='bbox 1594 322 1826 433; x_wconf 60' lang='lat' dir='ltr'>Nus</span> <span class='ocrx_word' id='word_1_5' title='bbox 1858 362 2123 430; x_wconf 81' lang='lat' dir='ltr'>msT.</span> 
     </span>
    </p>
   </div>
   <div class='ocr_carea' id='block_1_2' title="bbox 470 490 2739 2282">
    <p class='ocr_par' dir='ltr' id='par_1_2' title="bbox 470 490 2739 1519">
     <span class='ocr_line' id='line_1_2' title="bbox 539 490 2739 587; baseline -0.004 -22"><span class='ocrx_word' id='word_1_6' title='bbox 539 496 709 582; x_wconf 88' lang='lat' dir='ltr'>lant,</span> <span class='ocrx_word' id='word_1_7' title='bbox 727 520 860 587; x_wconf 87' lang='lat' dir='ltr'>non</span> <span class='ocrx_word' id='word_1_8' title='bbox 891 492 1066 580; x_wconf 84' lang='lat' dir='ltr'>vela,</span> <span class='ocrx_word' id='word_1_9' title='bbox 1077 517 1213 562; x_wconf 92' lang='lat' dir='ltr'>non</span> <span class='ocrx_word' id='word_1_10' title='bbox 1227 492 1394 563; x_wconf 88' lang='lat' dir='ltr'>ratio</span> <span class='ocrx_word' id='word_1_11' title='bbox 1425 491 1558 562; x_wconf 83' lang='lat' dir='ltr'>ulla</span> <span class='ocrx_word' id='word_1_12' title='bbox 1579 492 1879 587; x_wconf 73' lang='lat' dir='ltr'>adjuvet,</span> <span class='ocrx_word' id='word_1_13' title='bbox 1898 515 2101 585; x_wconf 86' lang='lat' dir='ltr'>quum</span> <span class='ocrx_word' id='word_1_14' title='bbox 2130 491 2427 560; x_wconf 87' lang='lat' dir='ltr'>omnium</span> <span class='ocrx_word' id='word_1_15' title='bbox 2462 490 2739 560; x_wconf 79' lang='lat' dir='ltr'>instar</span> 
     </span>
     <span class='ocr_line' id='line_1_3' title="bbox 539 597 2733 686; baseline -0.004 -14"><span class='ocrx_word' id='word_1_16' title='bbox 539 604 628 672; x_wconf 88' lang='lat' dir='ltr'>ibi</span> <span class='ocrx_word' id='word_1_17' title='bbox 653 604 803 686; x_wconf 85' lang='lat' dir='ltr'>sint,</span> <span class='ocrx_word' id='word_1_18' title='bbox 822 601 1028 669; x_wconf 88' lang='lat' dir='ltr'>homo</span> <span class='ocrx_word' id='word_1_19' title='bbox 1055 614 1312 669; x_wconf 85' lang='lat' dir='ltr'>tantum</span> <span class='ocrx_word' id='word_1_20' title='bbox 1341 614 1409 668; x_wconf 85' lang='lat' dir='ltr'>et</span> <span class='ocrx_word' id='word_1_21' title='bbox 1432 599 1724 667; x_wconf 86' lang='lat' dir='ltr'>audacia.</span> <span class='ocrx_word' id='word_1_22' title='bbox 1753 602 2075 667; x_wconf 83' lang='lat' dir='ltr'>Praeterea</span> <span class='ocrx_word' id='word_1_23' title='bbox 2099 597 2454 667; x_wconf 89' lang='lat' dir='ltr'>hibernum</span> <span class='ocrx_word' id='word_1_24' title='bbox 2485 621 2733 665; x_wconf 81' lang='lat' dir='ltr'>mare</span> 
     </span>
     <span class='ocr_line' id='line_1_4' title="bbox 470 692 2733 803; baseline -0.001 -30"><span class='ocrx_word' id='word_1_25' title='bbox 470 720 502 773; x_wconf 89' lang='grc'><strong><em>3</em></strong></span> <span class='ocrx_word' id='word_1_26' title='bbox 538 692 872 803; x_wconf 43' lang='lat' dir='ltr'>exigunt&amp;</span> <span class='ocrx_word' id='word_1_27' title='bbox 907 707 1084 776; x_wconf 86' lang='lat' dir='ltr'>circa</span> <span class='ocrx_word' id='word_1_28' title='bbox 1095 704 1468 790; x_wconf 87' lang='lat' dir='ltr'>brumam,</span> <span class='ocrx_word' id='word_1_29' title='bbox 1507 706 1705 773; x_wconf 89' lang='lat' dir='ltr'>Euris</span> <span class='ocrx_word' id='word_1_30' title='bbox 1726 719 1867 775; x_wconf 86' lang='lat' dir='ltr'>tum</span> <span class='ocrx_word' id='word_1_31' title='bbox 1891 704 2173 773; x_wconf 83' lang='lat' dir='ltr'>maxime</span> <span class='ocrx_word' id='word_1_32' title='bbox 2209 702 2563 772; x_wconf 87' lang='lat' dir='ltr'>flantibus.</span> <span class='ocrx_word' id='word_1_33' title='bbox 2620 704 2733 771; x_wconf 88' lang='lat' dir='ltr'>Hi</span> 
     </span>
     <span class='ocr_line' id='line_1_5' title="bbox 537 794 2731 930; baseline -0.004 -47"><span class='ocrx_word' id='word_1_34' title='bbox 537 829 720 885; x_wconf 89' lang='lat' dir='ltr'>recto</span> <span class='ocrx_word' id='word_1_35' title='bbox 755 810 990 883; x_wconf 84' lang='lat' dir='ltr'>cursu¹</span> <span class='ocrx_word' id='word_1_36' title='bbox 997 798 1185 905; x_wconf 80' lang='lat' dir='ltr'>⁴per</span> <span class='ocrx_word' id='word_1_37' title='bbox 1215 811 1394 879; x_wconf 88' lang='lat' dir='ltr'>sinus</span> <span class='ocrx_word' id='word_1_38' title='bbox 1425 807 1818 930; x_wconf 82' lang='lat' dir='ltr'>impellunt,</span> <span class='ocrx_word' id='word_1_39' title='bbox 1860 824 2057 903; x_wconf 88' lang='lat' dir='ltr'>atque</span> <span class='ocrx_word' id='word_1_40' title='bbox 2092 807 2165 877; x_wconf 82' lang='lat' dir='ltr'>a¹</span> <span class='ocrx_word' id='word_1_41' title='bbox 2171 794 2731 903; x_wconf 81' lang='lat' dir='ltr'>⁵promont0rii</span> 
     </span>
     <span class='ocr_line' id='line_1_6' title="bbox 536 915 2725 1045; baseline -0.004 -55"><span class='ocrx_word' id='word_1_42' title='bbox 536 921 792 991; x_wconf 87' lang='lat' dir='ltr'>ambitu</span> <span class='ocrx_word' id='word_1_43' title='bbox 829 922 1109 1045; x_wconf 78' lang='lat' dir='ltr'>Argeste</span> <span class='ocrx_word' id='word_1_44' title='bbox 1165 915 1476 985; x_wconf 87' lang='lat' dir='ltr'>deferunt</span> <span class='ocrx_word' id='word_1_45' title='bbox 1541 918 1609 985; x_wconf 92' lang='lat' dir='ltr'>in</span> <span class='ocrx_word' id='word_1_46' title='bbox 1662 930 1934 1010; x_wconf 88' lang='lat' dir='ltr'>portum</span> <span class='ocrx_word' id='word_1_47' title='bbox 1976 915 2457 985; x_wconf 83' lang='lat' dir='ltr'>Gehanitarum</span> <span class='ocrx_word' id='word_1_48' title='bbox 2482 966 2506 997; x_wconf 87' lang='lat'>,</span> <span class='ocrx_word' id='word_1_49' title='bbox 2572 916 2725 1009; x_wconf 86' lang='lat' dir='ltr'>qui</span> 
     </span>
     <span class='ocr_line' id='line_1_7' title="bbox 539 1006 2725 1115; baseline -0.002 -22"><span class='ocrx_word' id='word_1_50' title='bbox 539 1040 818 1097; x_wconf 87' lang='lat' dir='ltr'>vocatur</span> <span class='ocrx_word' id='word_1_51' title='bbox 847 1006 1109 1092; x_wconf 80' lang='lat' dir='ltr'>Ocila¹⁶</span> <span class='ocrx_word' id='word_1_52' title='bbox 1113 1022 1617 1111; x_wconf 79' lang='lat' dir='ltr'>‚Quamobrem</span> <span class='ocrx_word' id='word_1_53' title='bbox 1651 1021 1747 1091; x_wconf 93' lang='lat' dir='ltr'>illi</span> <span class='ocrx_word' id='word_1_54' title='bbox 1778 1023 2061 1091; x_wconf 84' lang='lat' dir='ltr'>maxime</span> <span class='ocrx_word' id='word_1_55' title='bbox 2097 1021 2165 1090; x_wconf 91' lang='lat' dir='ltr'>id</span> <span class='ocrx_word' id='word_1_56' title='bbox 2203 1036 2481 1115; x_wconf 84' lang='lat' dir='ltr'>petunt,</span> <span class='ocrx_word' id='word_1_57' title='bbox 2517 1047 2725 1115; x_wconf 84' lang='lat' dir='ltr'>pro-</span> 
     </span>
     <span class='ocr_line' id='line_1_8' title="bbox 537 1127 2723 1226; baseline -0.003 -23"><span class='ocrx_word' id='word_1_58' title='bbox 537 1134 834 1226; x_wconf 89' lang='lat' dir='ltr'>duntque</span> <span class='ocrx_word' id='word_1_59' title='bbox 875 1132 986 1197; x_wconf 84' lang='lat' dir='ltr'>vix</span> <span class='ocrx_word' id='word_1_60' title='bbox 1015 1128 1250 1222; x_wconf 87' lang='lat' dir='ltr'>quinto</span> <span class='ocrx_word' id='word_1_61' title='bbox 1295 1151 1473 1199; x_wconf 89' lang='lat' dir='ltr'>anno</span> <span class='ocrx_word' id='word_1_62' title='bbox 1513 1128 1755 1199; x_wconf 86' lang='lat' dir='ltr'>reverti</span> <span class='ocrx_word' id='word_1_63' title='bbox 1799 1129 2275 1223; x_wconf 72' lang='lat' dir='ltr'>negotiatoreS‚</span> <span class='ocrx_word' id='word_1_64' title='bbox 2317 1142 2386 1197; x_wconf 89' lang='lat' dir='ltr'>et</span> <span class='ocrx_word' id='word_1_65' title='bbox 2422 1127 2723 1197; x_wconf 83' lang='lat' dir='ltr'>multos</span> 
     </span>
     <span class='ocr_line' id='line_1_9' title="bbox 538 1231 2723 1323; baseline -0.002 -15"><span class='ocrx_word' id='word_1_66' title='bbox 538 1239 832 1308; x_wconf 84' lang='lat' dir='ltr'>interire.</span> <span class='ocrx_word' id='word_1_67' title='bbox 871 1238 1124 1305; x_wconf 84' lang='lat' dir='ltr'>Contra</span> <span class='ocrx_word' id='word_1_68' title='bbox 1153 1231 1482 1304; x_wconf 86' lang='lat' dir='ltr'>revehunt</span> <span class='ocrx_word' id='word_1_69' title='bbox 1512 1237 1753 1323; x_wconf 82' lang='lat' dir='ltr'>vitrea,</span> <span class='ocrx_word' id='word_1_70' title='bbox 1779 1250 1848 1303; x_wconf 87' lang='lat' dir='ltr'>et</span> <span class='ocrx_word' id='word_1_71' title='bbox 1872 1234 2083 1303; x_wconf 83' lang='lat' dir='ltr'>ahena</span> <span class='ocrx_word' id='word_1_72' title='bbox 2100 1284 2119 1318; x_wconf 89' lang='lat'>,</span> <span class='ocrx_word' id='word_1_73' title='bbox 2152 1248 2404 1319; x_wconf 59' lang='lat' dir='ltr'>vestm,</span> <span class='ocrx_word' id='word_1_74' title='bbox 2430 1232 2723 1303; x_wconf 83' lang='lat' dir='ltr'>fibulas</span> 
     </span>
     <span class='ocr_line' id='line_1_10' title="bbox 540 1338 2713 1435; baseline -0.003 -21"><span class='ocrx_word' id='word_1_75' title='bbox 540 1370 694 1414; x_wconf 86' lang='lat' dir='ltr'>curn</span> <span class='ocrx_word' id='word_1_76' title='bbox 731 1339 1000 1410; x_wconf 82' lang='lat' dir='ltr'>armillis</span> <span class='ocrx_word' id='word_1_77' title='bbox 1031 1364 1110 1410; x_wconf 86' lang='lat' dir='ltr'>ac</span> <span class='ocrx_word' id='word_1_78' title='bbox 1147 1339 1527 1409; x_wconf 88' lang='lat' dir='ltr'>monilibus.</span> <span class='ocrx_word' id='word_1_79' title='bbox 1550 1344 1733 1435; x_wconf 82' lang='lat' dir='ltr'>Ergo</span> <span class='ocrx_word' id='word_1_80' title='bbox 1754 1342 2115 1435; x_wconf 81' lang='lat' dir='ltr'>negotiatio</span> <span class='ocrx_word' id='word_1_81' title='bbox 2143 1338 2255 1408; x_wconf 88' lang='lat' dir='ltr'>illa</span> <span class='ocrx_word' id='word_1_82' title='bbox 2272 1339 2713 1408; x_wconf 81' lang='lat' dir='ltr'>feminarum</span> 
     </span>
     <span class='ocr_line' id='line_1_11' title="bbox 541 1446 1366 1519; baseline -0.005 0"><span class='ocrx_word' id='word_1_83' title='bbox 541 1446 884 1519; x_wconf 84' lang='lat' dir='ltr'>maxime¹⁷</span> <span class='ocrx_word' id='word_1_84' title='bbox 917 1446 1048 1515; x_wconf 86' lang='lat' dir='ltr'>fide</span> <span class='ocrx_word' id='word_1_85' title='bbox 1092 1460 1366 1516; x_wconf 85' lang='lat' dir='ltr'>constat.</span> 
     </span>
    </p>

    <p class='ocr_par' dir='ltr' id='par_1_3' title="bbox 490 1538 2709 2282">
     <span class='ocr_line' id='line_1_12' title="bbox 651 1538 2709 1648; baseline -0.002 -25"><span class='ocrx_word' id='word_1_86' title='bbox 651 1559 804 1648; x_wconf 87' lang='lat' dir='ltr'>Ipse</span> <span class='ocrx_word' id='word_1_87' title='bbox 843 1538 1129 1631; x_wconf 61' lang='lat' dir='ltr'>frutex¹⁸,</span> <span class='ocrx_word' id='word_1_88' title='bbox 1156 1552 1361 1627; x_wconf 88' lang='lat' dir='ltr'>duum</span> <span class='ocrx_word' id='word_1_89' title='bbox 1399 1552 1777 1622; x_wconf 89' lang='lat' dir='ltr'>cubitorum</span> <span class='ocrx_word' id='word_1_90' title='bbox 1809 1550 2157 1621; x_wconf 85' lang='lat' dir='ltr'>altitudine</span> <span class='ocrx_word' id='word_1_91' title='bbox 2194 1549 2709 1646; x_wconf 63' lang='lat' dir='ltr'>amplissimum,</span> 
     </span>
     <span class='ocr_line' id='line_1_13' title="bbox 490 1656 2707 1756; baseline -0.002 -27"><span class='ocrx_word' id='word_1_92' title='bbox 490 1734 495 1756; x_wconf 42' lang='grc' dir='ltr'>Ι</span> <span class='ocrx_word' id='word_1_93' title='bbox 542 1660 876 1756; x_wconf 81' lang='lat' dir='ltr'>palmique</span> <span class='ocrx_word' id='word_1_94' title='bbox 914 1658 1258 1745; x_wconf 88' lang='lat' dir='ltr'>minimus,</span> <span class='ocrx_word' id='word_1_95' title='bbox 1299 1682 1373 1728; x_wconf 88' lang='lat' dir='ltr'>1v</span> <span class='ocrx_word' id='word_1_96' title='bbox 1413 1658 1771 1753; x_wconf 86' lang='lat' dir='ltr'>digitorum</span> <span class='ocrx_word' id='word_1_97' title='bbox 1838 1657 2282 1729; x_wconf 87' lang='lat' dir='ltr'>crassitudinis</span> <span class='ocrx_word' id='word_1_98' title='bbox 2298 1656 2385 1741; x_wconf 85' lang='lat'>¹⁹,</span> <span class='ocrx_word' id='word_1_99' title='bbox 2446 1660 2707 1727; x_wconf 86' lang='lat' dir='ltr'>statim</span> 
     </span>
     <span class='ocr_line' id='line_1_14' title="bbox 543 1762 2701 1859; baseline -0.001 -23"><span class='ocrx_word' id='word_1_100' title='bbox 543 1792 582 1836; x_wconf 90' lang='lat' dir='ltr'>a</span> <span class='ocrx_word' id='word_1_101' title='bbox 619 1782 797 1835; x_wconf 85' lang='lat' dir='ltr'>terra</span> <span class='ocrx_word' id='word_1_102' title='bbox 829 1789 942 1833; x_wconf 81' lang='lat' dir='ltr'>sex</span> <span class='ocrx_word' id='word_1_103' title='bbox 983 1764 1202 1859; x_wconf 81' lang='lat' dir='ltr'>digitis</span> <span class='ocrx_word' id='word_1_104' title='bbox 1237 1762 1657 1851; x_wconf 85' lang='lat' dir='ltr'>surculosus,</span> <span class='ocrx_word' id='word_1_105' title='bbox 1700 1766 1886 1834; x_wconf 90' lang='lat' dir='ltr'>arido</span> <span class='ocrx_word' id='word_1_106' title='bbox 1916 1762 2157 1834; x_wconf 89' lang='lat' dir='ltr'>similis.</span> <span class='ocrx_word' id='word_1_107' title='bbox 2196 1766 2427 1853; x_wconf 88' lang='lat' dir='ltr'>Quum</span> <span class='ocrx_word' id='word_1_108' title='bbox 2460 1764 2655 1833; x_wconf 84' lang='lat' dir='ltr'>viret</span> <span class='ocrx_word' id='word_1_109' title='bbox 2678 1814 2701 1847; x_wconf 88' lang='lat'>‚</span> 
     </span>
     <span class='ocr_line' id='line_1_15' title="bbox 543 1867 2705 2000; baseline -0.002 -58"><span class='ocrx_word' id='word_1_110' title='bbox 543 1896 680 1942; x_wconf 87' lang='lat' dir='ltr'>non</span> <span class='ocrx_word' id='word_1_111' title='bbox 711 1870 1060 1951; x_wconf 86' lang='lat' dir='ltr'>odoratus,</span> <span class='ocrx_word' id='word_1_112' title='bbox 1089 1868 1247 1939; x_wconf 86' lang='lat' dir='ltr'>folio</span> <span class='ocrx_word' id='word_1_113' title='bbox 1278 1872 1537 2000; x_wconf 80' lang='lat' dir='ltr'>origani</span> <span class='ocrx_word' id='word_1_114' title='bbox 1568 1868 1654 1958; x_wconf 76' lang='lat'>²⁰,</span> <span class='ocrx_word' id='word_1_115' title='bbox 1694 1871 1984 1939; x_wconf 86' lang='lat' dir='ltr'>siccitate</span> <span class='ocrx_word' id='word_1_116' title='bbox 2012 1869 2341 1964; x_wconf 85' lang='lat' dir='ltr'>gaudens,</span> <span class='ocrx_word' id='word_1_117' title='bbox 2390 1867 2705 1939; x_wconf 85' lang='lat' dir='ltr'>sterilior</span> 
     </span>
     <span class='ocr_line' id='line_1_16' title="bbox 547 1974 2697 2071; baseline -0.002 -21"><span class='ocrx_word' id='word_1_118' title='bbox 547 1978 793 2064; x_wconf 86' lang='lat' dir='ltr'>imbre,</span> <span class='ocrx_word' id='word_1_119' title='bbox 825 1976 1067 2046; x_wconf 83' lang='lat' dir='ltr'>caeduae</span> <span class='ocrx_word' id='word_1_120' title='bbox 1101 1974 1414 2045; x_wconf 82' lang='lat' dir='ltr'>naturae²¹</span> <span class='ocrx_word' id='word_1_121' title='bbox 1424 1976 1851 2071; x_wconf 87' lang='lat' dir='ltr'>.Gignitur</span> <span class='ocrx_word' id='word_1_122' title='bbox 1834 2003 1902 2046; x_wconf 87' lang='lat' dir='ltr'>m</span> <span class='ocrx_word' id='word_1_123' title='bbox 1937 1974 2148 2071; x_wconf 88' lang='lat' dir='ltr'>planis</span> <span class='ocrx_word' id='word_1_124' title='bbox 2182 1975 2498 2068; x_wconf 78' lang='lat' dir='ltr'>quidem,</span> <span class='ocrx_word' id='word_1_125' title='bbox 2560 1975 2697 2045; x_wconf 83' lang='lat' dir='ltr'>sed</span> 
     </span>
     <span class='ocr_line' id='line_1_17' title="bbox 545 2078 2699 2177; baseline -0.001 -23"><span class='ocrx_word' id='word_1_126' title='bbox 545 2078 991 2154; x_wconf 87' lang='lat' dir='ltr'>densissimis</span> <span class='ocrx_word' id='word_1_127' title='bbox 975 2106 1044 2149; x_wconf 87' lang='lat' dir='ltr'>m</span> <span class='ocrx_word' id='word_1_128' title='bbox 1072 2081 1418 2176; x_wconf 76' lang='lat' dir='ltr'>vepribuS‚</span> <span class='ocrx_word' id='word_1_129' title='bbox 1449 2082 1793 2177; x_wconf 82' lang='lat' dir='ltr'>rubisque,</span> <span class='ocrx_word' id='word_1_130' title='bbox 1817 2080 2101 2150; x_wconf 86' lang='lat' dir='ltr'>difficilis</span> <span class='ocrx_word' id='word_1_131' title='bbox 2128 2079 2431 2151; x_wconf 90' lang='lat' dir='ltr'>collectu.</span> <span class='ocrx_word' id='word_1_132' title='bbox 2465 2084 2699 2151; x_wconf 82' lang='lat' dir='ltr'>Meti-</span> 
     </span>
     <span class='ocr_line' id='line_1_18' title="bbox 548 2173 2697 2282; baseline -0.002 -23"><span class='ocrx_word' id='word_1_133' title='bbox 548 2206 658 2259; x_wconf 88' lang='lat' dir='ltr'>tur</span> <span class='ocrx_word' id='word_1_134' title='bbox 677 2188 725 2214; x_wconf 84' lang='lat'>²²</span> <span class='ocrx_word' id='word_1_135' title='bbox 773 2212 908 2257; x_wconf 89' lang='lat' dir='ltr'>non</span> <span class='ocrx_word' id='word_1_136' title='bbox 939 2188 1064 2255; x_wconf 89' lang='lat' dir='ltr'>nisi</span> <span class='ocrx_word' id='word_1_137' title='bbox 1095 2187 1468 2281; x_wconf 85' lang='lat' dir='ltr'>permiserit</span> <span class='ocrx_word' id='word_1_138' title='bbox 1503 2190 1688 2258; x_wconf 88' lang='lat' dir='ltr'>Deus</span> <span class='ocrx_word' id='word_1_139' title='bbox 1716 2173 2051 2277; x_wconf 52' lang='lat' dir='ltr'>(Jovemss</span> <span class='ocrx_word' id='word_1_140' title='bbox 2090 2187 2273 2256; x_wconf 90' lang='lat' dir='ltr'>hunc</span> <span class='ocrx_word' id='word_1_141' title='bbox 2302 2186 2697 2282; x_wconf 85' lang='lat' dir='ltr'>intelligunt</span> 
     </span>
    </p>
   </div>
   <div class='ocr_carea' id='block_1_3' title="bbox 633 2294 2693 2395">
    <p class='ocr_par' dir='ltr' id='par_1_4' title="bbox 633 2294 2693 2395">
     <span class='ocr_line' id='line_1_19' title="bbox 633 2294 2693 2395; baseline -0.002 -17"><span class='ocrx_word' id='word_1_142' title='bbox 633 2324 724 2378; x_wconf 83' lang='lat'>13.</span> <span class='ocrx_word' id='word_1_143' title='bbox 751 2322 994 2393; x_wconf 72' lang='lat' dir='ltr'>Exiguae.</span> <span class='ocrx_word' id='word_1_144' title='bbox 1021 2322 1356 2376; x_wconf 86' lang='lat' dir='ltr'>Decurrunt:</span> <span class='ocrx_word' id='word_1_145' title='bbox 1377 2321 1453 2375; x_wconf 75' lang='lat' dir='ltr'>ita</span> <span class='ocrx_word' id='word_1_146' title='bbox 1468 2294 1564 2375; x_wconf 81' lang='lat' dir='ltr'>iih.</span> <span class='ocrx_word' id='word_1_147' title='bbox 1656 2324 1931 2395; x_wconf 81' lang='lat' dir='ltr'>millasque</span> <span class='ocrx_word' id='word_1_148' title='bbox 1978 2321 2260 2386; x_wconf 81' lang='lat' dir='ltr'>desierint,</span> <span class='ocrx_word' id='word_1_149' title='bbox 2302 2334 2419 2377; x_wconf 81' lang='lat' dir='ltr'>tum</span> <span class='ocrx_word' id='word_1_150' title='bbox 2468 2322 2693 2375; x_wconf 75' lang='lat' dir='ltr'>sublata</span> 
     </span>
    </p>
   </div>
   <div class='ocr_carea' id='block_1_4' title="bbox 547 2400 2691 2474">
    <p class='ocr_par' dir='ltr' id='par_1_5' title="bbox 547 2400 2691 2474">
     <span class='ocr_line' id='line_1_20' title="bbox 547 2400 2691 2474; baseline -0.001 -17"><span class='ocrx_word' id='word_1_151' title='bbox 547 2422 747 2457; x_wconf 83' lang='lat' dir='ltr'>omnes.</span> <span class='ocrx_word' id='word_1_152' title='bbox 766 2400 1208 2455; x_wconf 54' lang='lat' dir='ltr'>niam—Dalm</span> <span class='ocrx_word' id='word_1_153' title='bbox 1239 2402 1437 2471; x_wconf 67' lang='lat' dir='ltr'>eligam.</span> <span class='ocrx_word' id='word_1_154' title='bbox 1461 2402 1565 2455; x_wconf 82' lang='lat' dir='ltr'>En.</span> <span class='ocrx_word' id='word_1_155' title='bbox 1654 2404 1827 2457; x_wconf 82' lang='lat' dir='ltr'>omnis</span> <span class='ocrx_word' id='word_1_156' title='bbox 1850 2402 2171 2474; x_wconf 74' lang='lat' dir='ltr'>permutatio</span> <span class='ocrx_word' id='word_1_157' title='bbox 2186 2401 2583 2473; x_wconf 75' lang='lat' dir='ltr'>negotiatioque</span> <span class='ocrx_word' id='word_1_158' title='bbox 2598 2403 2691 2454; x_wconf 84' lang='lat' dir='ltr'>in-</span> 
     </span>
    </p>
   </div>
   <div class='ocr_carea' id='block_1_5' title="bbox 549 2476 1579 3805">
    <p class='ocr_par' dir='ltr' id='par_1_6' title="bbox 549 2476 1571 2793">
     <span class='ocr_line' id='line_1_21' title="bbox 638 2476 1569 2551; baseline -0.002 -16"><span class='ocrx_word' id='word_1_159' title='bbox 638 2486 724 2545; x_wconf 72' lang='lat'>14.</span> <span class='ocrx_word' id='word_1_160' title='bbox 757 2478 835 2533; x_wconf 83' lang='lat' dir='ltr'>Hi</span> <span class='ocrx_word' id='word_1_161' title='bbox 869 2492 1012 2533; x_wconf 76' lang='lat' dir='ltr'>recto.</span> <span class='ocrx_word' id='word_1_162' title='bbox 1046 2476 1181 2532; x_wconf 81' lang='lat' dir='ltr'>Euri</span> <span class='ocrx_word' id='word_1_163' title='bbox 1207 2489 1346 2533; x_wconf 74' lang='lat' dir='ltr'>rates</span> <span class='ocrx_word' id='word_1_164' title='bbox 1379 2480 1569 2551; x_wconf 87' lang='lat' dir='ltr'>impel-</span> 
     </span>
     <span class='ocr_line' id='line_1_22' title="bbox 549 2557 1571 2632; baseline -0.002 -18"><span class='ocrx_word' id='word_1_165' title='bbox 549 2564 670 2617; x_wconf 86' lang='lat' dir='ltr'>lunt</span> <span class='ocrx_word' id='word_1_166' title='bbox 706 2579 807 2632; x_wconf 86' lang='lat' dir='ltr'>per</span> <span class='ocrx_word' id='word_1_167' title='bbox 837 2558 1072 2631; x_wconf 69' lang='lat' dir='ltr'>singulo·</span> <span class='ocrx_word' id='word_1_168' title='bbox 1115 2557 1290 2625; x_wconf 74' lang='lat' dir='ltr'>sinus,</span> <span class='ocrx_word' id='word_1_169' title='bbox 1331 2560 1406 2613; x_wconf 78' lang='lat' dir='ltr'>ita</span> <span class='ocrx_word' id='word_1_170' title='bbox 1448 2569 1508 2617; x_wconf 82' lang='lat' dir='ltr'>ut</span> <span class='ocrx_word' id='word_1_171' title='bbox 1537 2578 1571 2612; x_wconf 79' lang='lat' dir='ltr'>a</span> 
     </span>
     <span class='ocr_line' id='line_1_23' title="bbox 553 2636 1571 2705; baseline -0.007 -8"><span class='ocrx_word' id='word_1_172' title='bbox 553 2655 692 2697; x_wconf 78' lang='lat' dir='ltr'>terra</span> <span class='ocrx_word' id='word_1_173' title='bbox 715 2641 806 2693; x_wconf 79' lang='lat' dir='ltr'>vix</span> <span class='ocrx_word' id='word_1_174' title='bbox 826 2640 931 2692; x_wconf 68' lang='lat' dir='ltr'>illa</span> <span class='ocrx_word' id='word_1_175' title='bbox 955 2636 1270 2705; x_wconf 76' lang='lat' dir='ltr'>abscedant,</span> <span class='ocrx_word' id='word_1_176' title='bbox 1299 2636 1394 2693; x_wconf 76' lang='lat' dir='ltr'>sed</span> <span class='ocrx_word' id='word_1_177' title='bbox 1421 2655 1571 2691; x_wconf 76' lang='lat' dir='ltr'>oram</span> 
     </span>
     <span class='ocr_line' id='line_1_24' title="bbox 551 2715 1193 2793; baseline -0.005 -18"><span class='ocrx_word' id='word_1_178' title='bbox 551 2739 760 2793; x_wconf 75' lang='lat' dir='ltr'>semper</span> <span class='ocrx_word' id='word_1_179' title='bbox 787 2720 981 2789; x_wconf 78' lang='lat' dir='ltr'>legant.</span> <span class='ocrx_word' id='word_1_180' title='bbox 1013 2715 1193 2772; x_wconf 59' lang='lat' dir='ltr'>Han.</span> 
     </span>
    </p>

    <p class='ocr_par' dir='ltr' id='par_1_7' title="bbox 555 2796 1578 3345">
     <span class='ocr_line' id='line_1_25' title="bbox 641 2796 1573 2868; baseline -0.004 -15"><span class='ocrx_word' id='word_1_181' title='bbox 641 2820 663 2853; x_wconf 86' lang='lat'>1</span> <span class='ocrx_word' id='word_1_182' title='bbox 678 2806 729 2853; x_wconf 83' lang='lat'>5.</span> <span class='ocrx_word' id='word_1_183' title='bbox 771 2800 825 2852; x_wconf 81' lang='lat' dir='ltr'><em>A</em></span> <span class='ocrx_word' id='word_1_184' title='bbox 863 2800 1192 2868; x_wconf 73' lang='lat' dir='ltr'>promontorii.</span> <span class='ocrx_word' id='word_1_185' title='bbox 1239 2796 1461 2851; x_wconf 78' lang='lat' dir='ltr'>Arabici</span> <span class='ocrx_word' id='word_1_186' title='bbox 1488 2798 1573 2849; x_wconf 85' lang='lat' dir='ltr'>ni·</span> 
     </span>
     <span class='ocr_line' id='line_1_26' title="bbox 555 2877 1575 2949; baseline -0.005 -17"><span class='ocrx_word' id='word_1_187' title='bbox 555 2880 753 2932; x_wconf 85' lang='lat' dir='ltr'>mirum</span> <span class='ocrx_word' id='word_1_188' title='bbox 787 2879 899 2945; x_wconf 87' lang='lat' dir='ltr'>ejus</span> <span class='ocrx_word' id='word_1_189' title='bbox 922 2877 1273 2947; x_wconf 84' lang='lat' dir='ltr'>promontorii</span> <span class='ocrx_word' id='word_1_190' title='bbox 1307 2895 1336 2929; x_wconf 79' lang='lat' dir='ltr'>a</span> <span class='ocrx_word' id='word_1_191' title='bbox 1365 2894 1476 2949; x_wconf 88' lang='lat' dir='ltr'>quo</span> <span class='ocrx_word' id='word_1_192' title='bbox 1508 2878 1575 2928; x_wconf 79' lang='lat' dir='ltr'>ad</span> 
     </span>
     <span class='ocr_line' id='line_1_27' title="bbox 556 2944 1578 3025; baseline -0.004 -14"><span class='ocrx_word' id='word_1_193' title='bbox 556 2958 913 3011; x_wconf 74' lang='lat' dir='ltr'>continentem</span> <span class='ocrx_word' id='word_1_194' title='bbox 931 2953 1383 3025; x_wconf 77' lang='lat' dir='ltr'>Troglodytarum</span> <span class='ocrx_word' id='word_1_195' title='bbox 1407 2974 1441 3007; x_wconf 78' lang='grc' dir='ltr'>ι.</span> <span class='ocrx_word' id='word_1_196' title='bbox 1458 2944 1578 3007; x_wconf 87' lang='lat' dir='ltr'>mi&#39;l-</span> 
     </span>
     <span class='ocr_line' id='line_1_28' title="bbox 555 3032 1576 3105; baseline -0.002 -18"><span class='ocrx_word' id='word_1_197' title='bbox 555 3036 628 3089; x_wconf 77' lang='lat' dir='ltr'>lia</span> <span class='ocrx_word' id='word_1_198' title='bbox 669 3052 916 3105; x_wconf 77' lang='lat' dir='ltr'>passuum</span> <span class='ocrx_word' id='word_1_199' title='bbox 961 3032 1302 3087; x_wconf 79' lang='lat' dir='ltr'>intervallum</span> <span class='ocrx_word' id='word_1_200' title='bbox 1346 3044 1457 3099; x_wconf 80' lang='lat' dir='ltr'>est,</span> <span class='ocrx_word' id='word_1_201' title='bbox 1515 3046 1576 3087; x_wconf 88' lang='lat' dir='ltr'>ut</span> 
     </span>
     <span class='ocr_line' id='line_1_29' title="bbox 557 3106 1577 3183; baseline -0.002 -16"><span class='ocrx_word' id='word_1_202' title='bbox 557 3112 762 3168; x_wconf 86' lang='lat' dir='ltr'>dictum</span> <span class='ocrx_word' id='word_1_203' title='bbox 811 3125 891 3167; x_wconf 76' lang='lat' dir='ltr'>est</span> <span class='ocrx_word' id='word_1_204' title='bbox 937 3110 1064 3171; x_wconf 83' lang='lat' dir='ltr'>vl,</span> <span class='ocrx_word' id='word_1_205' title='bbox 1119 3106 1215 3166; x_wconf 78' lang='lat'>32.</span> <span class='ocrx_word' id='word_1_206' title='bbox 1241 3142 1323 3156; x_wconf 92' lang='lat'><strong>—</strong></span> <span class='ocrx_word' id='word_1_207' title='bbox 1345 3112 1577 3183; x_wconf 70' lang='lat' dir='ltr'>Arguto.</span> 
     </span>
     <span class='ocr_line' id='line_1_30' title="bbox 560 3186 1577 3262; baseline -0.001 -17"><span class='ocrx_word' id='word_1_208' title='bbox 560 3194 766 3246; x_wconf 85' lang='lat' dir='ltr'>Ventus</span> <span class='ocrx_word' id='word_1_209' title='bbox 787 3203 864 3244; x_wconf 79' lang='lat' dir='ltr'>est</span> <span class='ocrx_word' id='word_1_210' title='bbox 884 3192 976 3262; x_wconf 82' lang='lat' dir='ltr'>qui</span> <span class='ocrx_word' id='word_1_211' title='bbox 996 3186 1064 3243; x_wconf 80' lang='lat' dir='ltr'>ab</span> <span class='ocrx_word' id='word_1_212' title='bbox 1095 3202 1284 3245; x_wconf 73' lang='lat' dir='ltr'>occasu</span> <span class='ocrx_word' id='word_1_213' title='bbox 1317 3192 1577 3246; x_wconf 70' lang='lat' dir='ltr'>solstitiali</span> 
     </span>
     <span class='ocr_line' id='line_1_31' title="bbox 557 3268 1574 3345; baseline -0.001 -20"><span class='ocrx_word' id='word_1_214' title='bbox 557 3271 755 3345; x_wconf 78' lang='lat' dir='ltr'>spirat,</span> <span class='ocrx_word' id='word_1_215' title='bbox 793 3285 851 3323; x_wconf 84' lang='lat' dir='ltr'>ut</span> <span class='ocrx_word' id='word_1_216' title='bbox 883 3282 961 3323; x_wconf 86' lang='lat' dir='ltr'>est</span> <span class='ocrx_word' id='word_1_217' title='bbox 993 3268 1195 3323; x_wconf 78' lang='lat' dir='ltr'>dictum</span> <span class='ocrx_word' id='word_1_218' title='bbox 1233 3269 1318 3335; x_wconf 89' lang='lat'>11,</span> <span class='ocrx_word' id='word_1_219' title='bbox 1366 3275 1461 3335; x_wconf 73' lang='lat'>46.</span> <span class='ocrx_word' id='word_1_220' title='bbox 1504 3272 1574 3323; x_wconf 86' lang='grc' dir='ltr'>Η.</span> 
     </span>
    </p>

    <p class='ocr_par' dir='ltr' id='par_1_8' title="bbox 558 3346 1579 3799">
     <span class='ocr_line' id='line_1_32' title="bbox 647 3346 1579 3405; baseline -0.001 -1"><span class='ocrx_word' id='word_1_221' title='bbox 647 3354 736 3405; x_wconf 86' lang='lat'>16.</span> <span class='ocrx_word' id='word_1_222' title='bbox 767 3348 931 3403; x_wconf 77' lang='lat' dir='ltr'>Ocila.</span> <span class='ocrx_word' id='word_1_223' title='bbox 957 3346 1182 3402; x_wconf 72' lang='lat' dir='ltr'>Vsu-iant</span> <span class='ocrx_word' id='word_1_224' title='bbox 1203 3368 1364 3403; x_wconf 84' lang='lat' dir='ltr'>manu</span> <span class='ocrx_word' id='word_1_225' title='bbox 1383 3350 1579 3403; x_wconf 69' lang='lat' dir='ltr'>exemti</span> 
     </span>
     <span class='ocr_line' id='line_1_33' title="bbox 559 3428 1575 3496; baseline -0.004 -12"><span class='ocrx_word' id='word_1_226' title='bbox 559 3428 718 3484; x_wconf 84' lang='lat' dir='ltr'>codd.</span> <span class='ocrx_word' id='word_1_227' title='bbox 756 3428 894 3493; x_wconf 83' lang='lat' dir='ltr'>Alii,</span> <span class='ocrx_word' id='word_1_228' title='bbox 929 3428 1128 3493; x_wconf 53' lang='lat' dir='ltr'>ocium</span> <span class='ocrx_word' id='word_1_229' title='bbox 1159 3429 1279 3496; x_wconf 77' lang='lat' dir='ltr'>alii,</span> <span class='ocrx_word' id='word_1_230' title='bbox 1313 3430 1537 3483; x_wconf 71' lang='lat' dir='ltr'>Occlailt&#39;a</span> <span class='ocrx_word' id='word_1_231' title='bbox 1556 3448 1575 3481; x_wconf 92' lang='lat'>.·</span> 
     </span>
     <span class='ocr_line' id='line_1_34' title="bbox 561 3504 1577 3587; baseline -0.001 -26"><span class='ocrx_word' id='word_1_232' title='bbox 561 3510 765 3562; x_wconf 77' lang='lat' dir='ltr'>variant</span> <span class='ocrx_word' id='word_1_233' title='bbox 787 3520 840 3562; x_wconf 89' lang='lat' dir='ltr'>et</span> <span class='ocrx_word' id='word_1_234' title='bbox 871 3504 999 3561; x_wconf 87' lang='lat' dir='ltr'>editi</span> <span class='ocrx_word' id='word_1_235' title='bbox 1026 3506 1180 3573; x_wconf 85' lang='lat' dir='ltr'>libri;</span> <span class='ocrx_word' id='word_1_236' title='bbox 1207 3507 1577 3587; x_wconf 77' lang='lat' dir='ltr'>vetustissimi,</span> 
     </span>
     <span class='ocr_line' id='line_1_35' title="bbox 566 3586 1577 3649; baseline -0.002 -6"><span class='ocrx_word' id='word_1_237' title='bbox 566 3590 788 3649; x_wconf 66' lang='lat' dir='ltr'>Omma,-</span> <span class='ocrx_word' id='word_1_238' title='bbox 811 3586 1127 3641; x_wconf 81' lang='lat' dir='ltr'>recentiores</span> <span class='ocrx_word' id='word_1_239' title='bbox 1140 3624 1154 3647; x_wconf 89' lang='lat'><strong>.</strong></span> <span class='ocrx_word' id='word_1_240' title='bbox 1189 3586 1354 3641; x_wconf 80' lang='lat' dir='ltr'>Ocila.</span> <span class='ocrx_word' id='word_1_241' title='bbox 1381 3588 1577 3641; x_wconf 85' lang='lat' dir='ltr'>Emen-</span> 
     </span>
     <span class='ocr_line' id='line_1_36' title="bbox 558 3666 1576 3736; baseline -0.003 -14"><span class='ocrx_word' id='word_1_242' title='bbox 558 3666 796 3721; x_wconf 77' lang='lat' dir='ltr'>dandum</span> <span class='ocrx_word' id='word_1_243' title='bbox 815 3666 1004 3731; x_wconf 60' lang='lat' dir='ltr'>omlis,</span> <span class='ocrx_word' id='word_1_244' title='bbox 1029 3678 1090 3719; x_wconf 88' lang='lat' dir='ltr'>ut</span> <span class='ocrx_word' id='word_1_245' title='bbox 1113 3678 1258 3736; x_wconf 80' lang='lat' dir='ltr'>patet</span> <span class='ocrx_word' id='word_1_246' title='bbox 1279 3686 1344 3721; x_wconf 84' lang='lat' dir='ltr'>ex</span> <span class='ocrx_word' id='word_1_247' title='bbox 1367 3667 1576 3733; x_wconf 84' lang='lat' dir='ltr'>Plinio,</span> 
     </span>
     <span class='ocr_line' id='line_1_37' title="bbox 561 3746 996 3805; baseline -0.007 -6"><span class='ocrx_word' id='word_1_248' title='bbox 561 3746 996 3805; x_wconf 69' lang='lat' dir='ltr'>v1‚26.Bno=.</span> 
     </span>
    </p>
   </div>
   <div class='ocr_carea' id='block_1_6' title="bbox 1656 2478 2145 2553">
    <p class='ocr_par' dir='ltr' id='par_1_9' title="bbox 1656 2478 2145 2553">
     <span class='ocr_line' id='line_1_38' title="bbox 1656 2478 2145 2553; baseline -0.004 -18"><span class='ocrx_word' id='word_1_249' title='bbox 1656 2482 1937 2553; x_wconf 79' lang='lat' dir='ltr'>telligetur.</span> <span class='ocrx_word' id='word_1_250' title='bbox 1964 2478 2145 2535; x_wconf 77' lang='lat' dir='ltr'>Hum.</span> 
     </span>
    </p>
   </div>
   <div class='ocr_carea' id='block_1_7' title="bbox 1660 2560 2681 2705">
    <p class='ocr_par' dir='ltr' id='par_1_10' title="bbox 1660 2560 2681 2705">
     <span class='ocr_line' id='line_1_39' title="bbox 1744 2560 2681 2633; baseline -0.002 -20"><span class='ocrx_word' id='word_1_251' title='bbox 1744 2579 1765 2613; x_wconf 85' lang='lat'>1</span> <span class='ocrx_word' id='word_1_252' title='bbox 1776 2564 1828 2616; x_wconf 85' lang='lat'>8.</span> <span class='ocrx_word' id='word_1_253' title='bbox 1854 2562 2157 2631; x_wconf 68' lang='lat' dir='ltr'>Ipnfrutes.</span> <span class='ocrx_word' id='word_1_254' title='bbox 2174 2560 2257 2613; x_wconf 73' lang='lat' dir='ltr'>Iu</span> <span class='ocrx_word' id='word_1_255' title='bbox 2268 2560 2378 2613; x_wconf 81' lang='lat' dir='ltr'>fere</span> <span class='ocrx_word' id='word_1_256' title='bbox 2394 2560 2681 2633; x_wconf 79' lang='lat' dir='ltr'>Theophr.</span> 
     </span>
     <span class='ocr_line' id='line_1_40' title="bbox 1660 2640 2063 2705; baseline 0 -12"><span class='ocrx_word' id='word_1_257' title='bbox 1660 2641 1773 2705; x_wconf 84' lang='lat' dir='ltr'>lx,</span> <span class='ocrx_word' id='word_1_258' title='bbox 1804 2640 1856 2693; x_wconf 82' lang='lat'>5.</span> <span class='ocrx_word' id='word_1_259' title='bbox 1885 2641 2063 2693; x_wconf 59' lang='lat' dir='ltr'>Han.</span> 
     </span>
    </p>
   </div>
   <div class='ocr_carea' id='block_1_8' title="bbox 1662 2718 2685 3586">
    <p class='ocr_par' dir='ltr' id='par_1_11' title="bbox 1662 2718 2685 3329">
     <span class='ocr_line' id='line_1_41' title="bbox 1750 2718 2685 2789; baseline 0.001 -16"><span class='ocrx_word' id='word_1_260' title='bbox 1750 2738 1839 2789; x_wconf 85' lang='lat'>¹9·</span> <span class='ocrx_word' id='word_1_261' title='bbox 1893 2719 1984 2771; x_wconf 87' lang='lat' dir='ltr'>IV</span> <span class='ocrx_word' id='word_1_262' title='bbox 2010 2718 2273 2789; x_wconf 67' lang='lat' dir='ltr'>digitorum</span> <span class='ocrx_word' id='word_1_263' title='bbox 2308 2720 2644 2773; x_wconf 71' lang='lat' dir='ltr'>crassitudinis</span> <span class='ocrx_word' id='word_1_264' title='bbox 2665 2758 2685 2785; x_wconf 95' lang='lat'>,</span> 
     </span>
     <span class='ocr_line' id='line_1_42' title="bbox 1662 2800 2681 2869; baseline 0.003 -18"><span class='ocrx_word' id='word_1_265' title='bbox 1662 2802 1825 2853; x_wconf 74' lang='lat' dir='ltr'>statim</span> <span class='ocrx_word' id='word_1_266' title='bbox 1856 2818 1889 2849; x_wconf 78' lang='lat' dir='ltr'><strong><em>a</em></strong></span> <span class='ocrx_word' id='word_1_267' title='bbox 1920 2810 2053 2851; x_wconf 61' lang='lat' dir='ltr'>berra</span> <span class='ocrx_word' id='word_1_268' title='bbox 2084 2818 2169 2849; x_wconf 71' lang='lat' dir='ltr'>ses:</span> <span class='ocrx_word' id='word_1_269' title='bbox 2196 2800 2366 2869; x_wconf 65' lang='lat' dir='ltr'>digitis</span> <span class='ocrx_word' id='word_1_270' title='bbox 2392 2801 2681 2853; x_wconf 64' lang='lat' dir='ltr'>tumulosus.</span> 
     </span>
     <span class='ocr_line' id='line_1_43' title="bbox 1662 2870 2685 2933; baseline 0 0"><span class='ocrx_word' id='word_1_271' title='bbox 1662 2879 1791 2933; x_wconf 68' lang='lat' dir='ltr'>Hac</span> <span class='ocrx_word' id='word_1_272' title='bbox 1820 2870 1891 2930; x_wconf 79' lang='lat' dir='ltr'>ita</span> <span class='ocrx_word' id='word_1_273' title='bbox 1928 2878 2106 2931; x_wconf 64' lang='lat' dir='ltr'>Doleo.</span> <span class='ocrx_word' id='word_1_274' title='bbox 2132 2878 2312 2932; x_wconf 80' lang='lat' dir='ltr'>Elzev.</span> <span class='ocrx_word' id='word_1_275' title='bbox 2350 2878 2593 2933; x_wconf 75' lang='lat' dir='ltr'>Gronov.</span> <span class='ocrx_word' id='word_1_276' title='bbox 2626 2893 2685 2933; x_wconf 84' lang='lat' dir='ltr'>et</span> 
     </span>
     <span class='ocr_line' id='line_1_44' title="bbox 1663 2954 2679 3023; baseline 0.001 -12"><span class='ocrx_word' id='word_1_277' title='bbox 1663 2954 1788 3011; x_wconf 85' lang='lat' dir='ltr'>edd.</span> <span class='ocrx_word' id='word_1_278' title='bbox 1815 2969 2015 3009; x_wconf 77' lang='lat' dir='ltr'>veteres</span> <span class='ocrx_word' id='word_1_279' title='bbox 2040 2957 2321 3023; x_wconf 52' lang='lat' dir='ltr'>exhibeam</span> <span class='ocrx_word' id='word_1_280' title='bbox 2348 2958 2527 3011; x_wconf 79' lang='lat' dir='ltr'>omisit</span> <span class='ocrx_word' id='word_1_281' title='bbox 2540 2958 2679 3013; x_wconf 75' lang='lat' dir='ltr'>Har-</span> 
     </span>
     <span class='ocr_line' id='line_1_45' title="bbox 1664 3034 2681 3109; baseline 0.002 -19"><span class='ocrx_word' id='word_1_282' title='bbox 1664 3034 1859 3090; x_wconf 76' lang='lat' dir='ltr'>duinus</span> <span class='ocrx_word' id='word_1_283' title='bbox 1882 3036 1937 3088; x_wconf 88' lang='lat' dir='ltr'>in</span> <span class='ocrx_word' id='word_1_284' title='bbox 1958 3034 2188 3090; x_wconf 75' lang='lat' dir='ltr'>secunda</span> <span class='ocrx_word' id='word_1_285' title='bbox 2218 3036 2479 3102; x_wconf 80' lang='lat' dir='ltr'>editione,</span> <span class='ocrx_word' id='word_1_286' title='bbox 2506 3056 2681 3109; x_wconf 79' lang='lat' dir='ltr'>neque</span> 
     </span>
     <span class='ocr_line' id='line_1_46' title="bbox 1664 3115 2677 3189; baseline 0 -20"><span class='ocrx_word' id='word_1_287' title='bbox 1664 3134 1876 3169; x_wconf 76' lang='lat' dir='ltr'>cansam</span> <span class='ocrx_word' id='word_1_288' title='bbox 1907 3115 2107 3169; x_wconf 88' lang='lat' dir='ltr'>retulit.</span> <span class='ocrx_word' id='word_1_289' title='bbox 2150 3116 2261 3169; x_wconf 78' lang='lat' dir='ltr'>Noe</span> <span class='ocrx_word' id='word_1_290' title='bbox 2294 3117 2489 3171; x_wconf 68' lang='lat' dir='ltr'>omissa</span> <span class='ocrx_word' id='word_1_291' title='bbox 2518 3134 2677 3189; x_wconf 83' lang='lat' dir='ltr'>repo-</span> 
     </span>
     <span class='ocr_line' id='line_1_47' title="bbox 1662 3194 2679 3266; baseline 0.004 -19"><span class='ocrx_word' id='word_1_292' title='bbox 1662 3212 1791 3247; x_wconf 86' lang='lat' dir='ltr'>nere</span> <span class='ocrx_word' id='word_1_293' title='bbox 1804 3233 1820 3260; x_wconf 89' lang='lat'>,</span> <span class='ocrx_word' id='word_1_294' title='bbox 1848 3208 1973 3266; x_wconf 82' lang='lat' dir='ltr'>post</span> <span class='ocrx_word' id='word_1_295' title='bbox 1999 3196 2301 3249; x_wconf 84' lang='lat' dir='ltr'>Broterium</span> <span class='ocrx_word' id='word_1_296' title='bbox 2316 3236 2333 3261; x_wconf 90' lang='lat'>,</span> <span class='ocrx_word' id='word_1_297' title='bbox 2366 3196 2502 3249; x_wconf 84' lang='lat' dir='ltr'>nulli</span> <span class='ocrx_word' id='word_1_298' title='bbox 2522 3194 2679 3251; x_wconf 81' lang='lat' dir='ltr'>dubi·</span> 
     </span>
     <span class='ocr_line' id='line_1_48' title="bbox 1664 3273 2045 3329; baseline 0.005 -2"><span class='ocrx_word' id='word_1_299' title='bbox 1664 3273 1909 3327; x_wconf 76' lang='lat' dir='ltr'>tavimus.</span> <span class='ocrx_word' id='word_1_300' title='bbox 1938 3276 2045 3329; x_wconf 82' lang='lat' dir='ltr'>En.</span> 
     </span>
    </p>

    <p class='ocr_par' dir='ltr' id='par_1_12' title="bbox 1665 3354 2677 3503">
     <span class='ocr_line' id='line_1_49' title="bbox 1748 3354 2677 3425; baseline 0.002 -18"><span class='ocrx_word' id='word_1_301' title='bbox 1748 3372 1836 3407; x_wconf 62' lang='grc' dir='ltr'>ιο.</span> <span class='ocrx_word' id='word_1_302' title='bbox 1876 3354 2021 3406; x_wconf 80' lang='lat' dir='ltr'>Folio</span> <span class='ocrx_word' id='word_1_303' title='bbox 2056 3357 2267 3424; x_wconf 71' lang='lat' dir='ltr'>ori&#39;gam&#39;.</span> <span class='ocrx_word' id='word_1_304' title='bbox 2292 3356 2372 3409; x_wconf 87' lang='lat' dir='ltr'>De</span> <span class='ocrx_word' id='word_1_305' title='bbox 2396 3372 2506 3425; x_wconf 80' lang='lat' dir='ltr'>quo</span> <span class='ocrx_word' id='word_1_306' title='bbox 2534 3354 2677 3409; x_wconf 83' lang='lat' dir='ltr'>dioe-</span> 
     </span>
     <span class='ocr_line' id='line_1_50' title="bbox 1665 3432 2273 3503; baseline 0.005 -18"><span class='ocrx_word' id='word_1_307' title='bbox 1665 3451 1783 3485; x_wconf 82' lang='lat' dir='ltr'>mus</span> <span class='ocrx_word' id='word_1_308' title='bbox 1798 3432 1937 3495; x_wconf 84' lang='lat' dir='ltr'>XX,</span> <span class='ocrx_word' id='word_1_309' title='bbox 1969 3437 2063 3503; x_wconf 88' lang='lat'>67.</span> <span class='ocrx_word' id='word_1_310' title='bbox 2092 3435 2273 3488; x_wconf 67' lang='lat' dir='ltr'>HAnn.</span> 
     </span>
    </p>

    <p class='ocr_par' dir='ltr' id='par_1_13' title="bbox 1746 3512 2676 3586">
     <span class='ocr_line' id='line_1_51' title="bbox 1746 3512 2676 3586; baseline 0.002 -21"><span class='ocrx_word' id='word_1_311' title='bbox 1746 3534 1775 3565; x_wconf 64' lang='grc' dir='ltr'>τι</span> <span class='ocrx_word' id='word_1_312' title='bbox 1788 3529 1808 3565; x_wconf 82' lang='lat'>1</span> <span class='ocrx_word' id='word_1_313' title='bbox 1826 3550 1837 3564; x_wconf 90' lang='lat'>.</span> <span class='ocrx_word' id='word_1_314' title='bbox 1864 3512 2061 3567; x_wconf 78' lang='lat' dir='ltr'>Coeduae</span> <span class='ocrx_word' id='word_1_315' title='bbox 2076 3524 2279 3567; x_wconf 69' lang='lat' dir='ltr'>mucra.</span> <span class='ocrx_word' id='word_1_316' title='bbox 2300 3512 2418 3567; x_wconf 80' lang='lat' dir='ltr'>Hoc</span> <span class='ocrx_word' id='word_1_317' title='bbox 2440 3526 2545 3580; x_wconf 75' lang='lat' dir='ltr'>est,</span> <span class='ocrx_word' id='word_1_318' title='bbox 2562 3534 2676 3586; x_wconf 71' lang='lat' dir='ltr'>quo</span> 
     </span>
    </p>
   </div>
   <div class='ocr_carea' id='block_1_9' title="bbox 1662 3589 2674 3725">
    <p class='ocr_par' dir='ltr' id='par_1_14' title="bbox 1662 3589 2674 3725">
     <span class='ocr_line' id='line_1_52' title="bbox 1664 3589 2674 3648; baseline 0.003 -3"><span class='ocrx_word' id='word_1_319' title='bbox 1664 3589 1899 3645; x_wconf 66' lang='lat' dir='ltr'>caditur.</span> <span class='ocrx_word' id='word_1_320' title='bbox 1930 3591 2019 3645; x_wconf 80' lang='lat' dir='ltr'>Sic</span> <span class='ocrx_word' id='word_1_321' title='bbox 2058 3593 2243 3647; x_wconf 73' lang='lat' dir='ltr'>silvam</span> <span class='ocrx_word' id='word_1_322' title='bbox 2282 3593 2521 3648; x_wconf 66' lang='lat' dir='ltr'>aeduam</span> <span class='ocrx_word' id='word_1_323' title='bbox 2546 3592 2674 3648; x_wconf 85' lang='lat' dir='ltr'>dici-</span> 
     </span>
     <span class='ocr_line' id='line_1_53' title="bbox 1662 3671 2002 3725; baseline 0 -2"><span class='ocrx_word' id='word_1_324' title='bbox 1662 3689 1798 3723; x_wconf 65' lang='lat' dir='ltr'>mus.</span> <span class='ocrx_word' id='word_1_325' title='bbox 1820 3671 2002 3725; x_wconf 71' lang='lat' dir='ltr'>Hnm.</span> 
     </span>
    </p>
   </div>
   <div class='ocr_carea' id='block_1_10' title="bbox 1745 3750 2673 3806">
    <p class='ocr_par' dir='ltr' id='par_1_15' title="bbox 1745 3750 2673 3806">
     <span class='ocr_line' id='line_1_54' title="bbox 1745 3750 2673 3806; baseline 0.004 -4"><span class='ocrx_word' id='word_1_326' title='bbox 1745 3769 1773 3802; x_wconf 83' lang='lat'>2</span> <span class='ocrx_word' id='word_1_327' title='bbox 1786 3770 1835 3803; x_wconf 81' lang='lat'>2.</span> <span class='ocrx_word' id='word_1_328' title='bbox 1876 3751 2097 3805; x_wconf 73' lang='lat' dir='ltr'>Metitur.</span> <span class='ocrx_word' id='word_1_329' title='bbox 2124 3750 2253 3805; x_wconf 73' lang='lat' dir='ltr'>Hoc</span> <span class='ocrx_word' id='word_1_330' title='bbox 2269 3751 2437 3806; x_wconf 83' lang='lat' dir='ltr'>Solin.</span> <span class='ocrx_word' id='word_1_331' title='bbox 2457 3772 2491 3806; x_wconf 79' lang='lat' dir='ltr'>a</span> <span class='ocrx_word' id='word_1_332' title='bbox 2506 3751 2673 3806; x_wconf 87' lang='lat' dir='ltr'>Plinio</span> 
     </span>
    </p>
   </div>
   <div class='ocr_carea' id='block_1_11' title="bbox 645 3824 2671 3902">
    <p class='ocr_par' dir='ltr' id='par_1_16' title="bbox 645 3824 2671 3902">
     <span class='ocr_line' id='line_1_55' title="bbox 645 3824 2671 3902; baseline 0.005 -28"><span class='ocrx_word' id='word_1_333' title='bbox 645 3844 734 3897; x_wconf 82' lang='lat'>¹7·</span> <span class='ocrx_word' id='word_1_334' title='bbox 798 3824 923 3877; x_wconf 79' lang='lat' dir='ltr'>Fide</span> <span class='ocrx_word' id='word_1_335' title='bbox 957 3835 1160 3876; x_wconf 74' lang='lat' dir='ltr'>constat.</span> <span class='ocrx_word' id='word_1_336' title='bbox 1204 3824 1284 3877; x_wconf 86' lang='lat' dir='ltr'>Ex</span> <span class='ocrx_word' id='word_1_337' title='bbox 1325 3824 1570 3878; x_wconf 80' lang='lat' dir='ltr'>mutabili</span> <span class='ocrx_word' id='word_1_338' title='bbox 1658 3842 1958 3901; x_wconf 78' lang='lat' dir='ltr'>mutuatur,</span> <span class='ocrx_word' id='word_1_339' title='bbox 1984 3849 2100 3901; x_wconf 77' lang='lat' dir='ltr'>eap.</span> <span class='ocrx_word' id='word_1_340' title='bbox 2128 3850 2262 3896; x_wconf 80' lang='lat' dir='ltr'>xxx,</span> <span class='ocrx_word' id='word_1_341' title='bbox 2292 3850 2346 3902; x_wconf 92' lang='lat' dir='ltr'>p.</span> <span class='ocrx_word' id='word_1_342' title='bbox 2372 3832 2466 3901; x_wconf 81' lang='lat'>57.</span> <span class='ocrx_word' id='word_1_343' title='bbox 2496 3832 2671 3885; x_wconf 67' lang='lat' dir='ltr'>Han.</span> 
     </span>
    </p>
   </div>
   <div class='ocr_carea' id='block_1_12' title="bbox 555 3900 1569 3974">
    <p class='ocr_par' dir='ltr' id='par_1_17' title="bbox 555 3900 1569 3974">
     <span class='ocr_line' id='line_1_56' title="bbox 555 3900 1569 3974; baseline -0.003 -14"><span class='ocrx_word' id='word_1_344' title='bbox 555 3906 873 3960; x_wconf 72' lang='lat' dir='ltr'>feminarum</span> <span class='ocrx_word' id='word_1_345' title='bbox 897 3904 1110 3974; x_wconf 80' lang='lat' dir='ltr'>ingenio</span> <span class='ocrx_word' id='word_1_346' title='bbox 1128 3900 1346 3974; x_wconf 86' lang='lat' dir='ltr'>pendet.</span> <span class='ocrx_word' id='word_1_347' title='bbox 1371 3904 1422 3957; x_wconf 89' lang='lat' dir='ltr'>N</span> <span class='ocrx_word' id='word_1_348' title='bbox 1424 3922 1508 3956; x_wconf 77' lang='lat' dir='ltr'>am</span> <span class='ocrx_word' id='word_1_349' title='bbox 1526 3905 1569 3957; x_wconf 86' lang='lat' dir='ltr'>si</span> 
     </span>
    </p>
   </div>
   <div class='ocr_carea' id='block_1_13' title="bbox 1738 3909 2670 3980">
    <p class='ocr_par' dir='ltr' id='par_1_18' title="bbox 1738 3909 2670 3980">
     <span class='ocr_line' id='line_1_57' title="bbox 1738 3909 2670 3980; baseline 0.003 -19"><span class='ocrx_word' id='word_1_350' title='bbox 1738 3910 1828 3963; x_wconf 70' lang='lat'>23.</span> <span class='ocrx_word' id='word_1_351' title='bbox 1842 3909 2041 3963; x_wconf 69' lang='lat' dir='ltr'>Jooem..</span> <span class='ocrx_word' id='word_1_352' title='bbox 2048 3914 2171 3962; x_wconf 57' lang='lat' dir='ltr'>date</span> <span class='ocrx_word' id='word_1_353' title='bbox 2172 3911 2364 3980; x_wconf 69' lang='lat' dir='ltr'>vigunt.</span> <span class='ocrx_word' id='word_1_354' title='bbox 2376 3912 2551 3965; x_wconf 84' lang='lat' dir='ltr'>Solem</span> <span class='ocrx_word' id='word_1_355' title='bbox 2560 3912 2643 3964; x_wconf 76' lang='lat' dir='ltr'>ali·</span> <span class='ocrx_word' id='word_1_356' title='bbox 2630 3932 2670 3975; x_wconf 86' lang='grc' dir='ltr'>ι,</span> 
     </span>
    </p>
   </div>
   <div class='ocr_carea' id='block_1_14' title="bbox 550 3982 2665 4061">
    <p class='ocr_par' dir='ltr' id='par_1_19' title="bbox 550 3982 2665 4061">
     <span class='ocr_line' id='line_1_58' title="bbox 550 3982 2665 4061; baseline 0.002 -21"><span class='ocrx_word' id='word_1_357' title='bbox 550 3984 798 4056; x_wconf 75' lang='lat' dir='ltr'>cupidius</span> <span class='ocrx_word' id='word_1_358' title='bbox 819 3984 1068 4038; x_wconf 76' lang='lat' dir='ltr'>affectare</span> <span class='ocrx_word' id='word_1_359' title='bbox 1104 3982 1208 4037; x_wconf 69' lang='lat' dir='ltr'>illa</span> <span class='ocrx_word' id='word_1_360' title='bbox 1238 3983 1460 4037; x_wconf 76' lang='lat' dir='ltr'>monilia</span> <span class='ocrx_word' id='word_1_361' title='bbox 1492 4002 1571 4037; x_wconf 79' lang='lat' dir='ltr'>ar-</span> <span class='ocrx_word' id='word_1_362' title='bbox 1657 3986 1962 4043; x_wconf 79' lang='lat' dir='ltr'>utdiximus</span> <span class='ocrx_word' id='word_1_363' title='bbox 1982 4007 2097 4061; x_wconf 83' lang='lat' dir='ltr'>cap.</span> <span class='ocrx_word' id='word_1_364' title='bbox 2120 3989 2191 4045; x_wconf 81' lang='lat'>33</span> <span class='ocrx_word' id='word_1_365' title='bbox 2208 4030 2224 4054; x_wconf 87' lang='lat'>,</span> <span class='ocrx_word' id='word_1_366' title='bbox 2252 4000 2303 4043; x_wconf 87' lang='lat' dir='ltr'>et</span> <span class='ocrx_word' id='word_1_367' title='bbox 2316 3990 2665 4045; x_wconf 83' lang='lat' dir='ltr'>Solin.l.c.H.</span> 
     </span>
    </p>
   </div>
  </div>
 </body>
</html>
