<?xml version="1.0" encoding="UTF-8"?>
<!DOCTYPE html PUBLIC "-//W3C//DTD XHTML 1.0 Transitional//EN"
    "http://www.w3.org/TR/xhtml1/DTD/xhtml1-transitional.dtd">
<html xmlns="http://www.w3.org/1999/xhtml" xml:lang="en" lang="en">
 <head>
  <title>
</title>
<meta http-equiv="Content-Type" content="text/html;charset=utf-8" />
  <meta name='ocr-system' content='tesseract 3.04.00' />
  <meta name='ocr-capabilities' content='ocr_page ocr_carea ocr_par ocr_line ocrx_word'/>
</head>
<body>
  <div class='ocr_page' id='page_1' title='image "./historiaenatura00delagoog_0355.png"; bbox 0 0 2850 4684; ppageno 0'>
   <div class='ocr_carea' id='block_1_1' title="bbox 980 359 2041 524">
    <p class='ocr_par' dir='ltr' id='par_1_1' title="bbox 980 359 2041 524">
     <span class='ocr_line' id='line_1_1' title="bbox 980 359 2041 432; baseline -0.002 -2"><span class='ocrx_word' id='word_1_1' title='bbox 980 361 1057 430; x_wconf 89' lang='lat' dir='ltr'><strong>C.</strong></span> <span class='ocrx_word' id='word_1_2' title='bbox 1114 359 1457 430; x_wconf 83' lang='lat' dir='ltr'><strong>PLINII</strong></span> <span class='ocrx_word' id='word_1_3' title='bbox 1507 362 1730 432; x_wconf 76' lang='lat' dir='ltr'><strong>NAT.</strong></span> <span class='ocrx_word' id='word_1_4' title='bbox 1785 361 2041 430; x_wconf 87' lang='lat' dir='ltr'><strong>HIST.</strong></span> 
     </span>
     <span class='ocr_line' id='line_1_2' title="bbox 1591 479 1614 524; baseline 0 0"><span class='ocrx_word' id='word_1_5' title='bbox 1591 479 1614 524; x_wconf 74' lang='lat'><strong><em>⁴</em></strong></span> 
     </span>
    </p>
   </div>
   <div class='ocr_carea' id='block_1_2' title="bbox 448 357 629 446">
    <p class='ocr_par' dir='ltr' id='par_1_2' title="bbox 448 357 629 446">
     <span class='ocr_line' id='line_1_3' title="bbox 448 357 629 446; baseline 0 0"><span class='ocrx_word' id='word_1_6' title='bbox 448 357 629 446; x_wconf 76' lang='lat'><strong>344·</strong></span> 
     </span>
    </p>
   </div>
   <div class='ocr_carea' id='block_1_3' title="bbox 382 479 2638 1966">
    <p class='ocr_par' dir='ltr' id='par_1_3' title="bbox 444 479 2570 1728">
     <span class='ocr_line' id='line_1_4' title="bbox 444 479 2568 578; baseline 0 -16"><span class='ocrx_word' id='word_1_7' title='bbox 444 491 525 562; x_wconf 86' lang='lat' dir='ltr'><strong>fit</strong></span> <span class='ocrx_word' id='word_1_8' title='bbox 558 491 941 562; x_wconf 81' lang='lat' dir='ltr'><strong>absinthites</strong></span> <span class='ocrx_word' id='word_1_9' title='bbox 979 493 1047 561; x_wconf 90' lang='lat' dir='ltr'><strong>in</strong></span> <span class='ocrx_word' id='word_1_10' title='bbox 1095 509 1189 564; x_wconf 68' lang='grc' dir='ltr'><strong>Π,</strong></span> <span class='ocrx_word' id='word_1_11' title='bbox 1237 493 1550 562; x_wconf 81' lang='lat' dir='ltr'><strong>sextarios</strong></span> <span class='ocrx_word' id='word_1_12' title='bbox 1563 479 1586 516; x_wconf 86' lang='lat'><strong>⁵</strong></span> <span class='ocrx_word' id='word_1_13' title='bbox 1657 495 1853 562; x_wconf 86' lang='lat' dir='ltr'><strong>musti</strong></span> <span class='ocrx_word' id='word_1_14' title='bbox 1873 545 1892 578; x_wconf 91' lang='lat'>‚</span> <span class='ocrx_word' id='word_1_15' title='bbox 1943 492 2254 562; x_wconf 86' lang='lat' dir='ltr'><strong>absinthii</strong></span> <span class='ocrx_word' id='word_1_16' title='bbox 2302 493 2568 563; x_wconf 82' lang='lat' dir='ltr'>Pontici</span> 
     </span>
     <span class='ocr_line' id='line_1_5' title="bbox 446 581 2570 694; baseline 0 -28"><span class='ocrx_word' id='word_1_17' title='bbox 446 595 647 666; x_wconf 85' lang='lat' dir='ltr'><strong>libras</strong></span> <span class='ocrx_word' id='word_1_18' title='bbox 690 597 965 668; x_wconf 88' lang='lat' dir='ltr'><strong>decocta</strong></span> <span class='ocrx_word' id='word_1_19' title='bbox 997 597 1082 667; x_wconf 82' lang='lat' dir='ltr'><strong>ad</strong></span> <span class='ocrx_word' id='word_1_20' title='bbox 1126 599 1349 668; x_wconf 81' lang='lat' dir='ltr'><strong>tertias</strong></span> <span class='ocrx_word' id='word_1_21' title='bbox 1384 613 1606 694; x_wconf 88' lang='lat' dir='ltr'><strong>partes</strong></span> <span class='ocrx_word' id='word_1_22' title='bbox 1625 653 1646 685; x_wconf 91' lang='lat'>‚</span> <span class='ocrx_word' id='word_1_23' title='bbox 1675 598 1780 668; x_wconf 87' lang='lat' dir='ltr'><strong>vel</strong></span> <span class='ocrx_word' id='word_1_24' title='bbox 1821 601 2035 692; x_wconf 87' lang='lat' dir='ltr'><strong>scopis</strong></span> <span class='ocrx_word' id='word_1_25' title='bbox 2048 581 2096 620; x_wconf 84' lang='lat'><strong>⁵⁵</strong></span> <span class='ocrx_word' id='word_1_26' title='bbox 2141 597 2452 667; x_wconf 84' lang='lat' dir='ltr'>absinthii</span> <span class='ocrx_word' id='word_1_27' title='bbox 2495 601 2570 668; x_wconf 89' lang='lat' dir='ltr'><strong>in</strong></span> 
     </span>
     <span class='ocr_line' id='line_1_6' title="bbox 448 689 2566 800; baseline 0.001 -29"><span class='ocrx_word' id='word_1_28' title='bbox 448 704 675 772; x_wconf 86' lang='lat' dir='ltr'><strong>vinum</strong></span> <span class='ocrx_word' id='word_1_29' title='bbox 706 703 963 774; x_wconf 87' lang='lat' dir='ltr'><strong>additis.</strong></span> <span class='ocrx_word' id='word_1_30' title='bbox 996 703 1305 774; x_wconf 83' lang='lat' dir='ltr'><strong>Similiter</strong></span> <span class='ocrx_word' id='word_1_31' title='bbox 1344 691 1770 800; x_wconf 81' lang='lat' dir='ltr'><strong>hyssopites⁵⁶</strong></span> <span class='ocrx_word' id='word_1_32' title='bbox 1811 730 1848 774; x_wconf 92' lang='lat' dir='ltr'><strong>e</strong></span> <span class='ocrx_word' id='word_1_33' title='bbox 1885 703 2120 775; x_wconf 89' lang='lat' dir='ltr'><strong>Cilicio</strong></span> <span class='ocrx_word' id='word_1_34' title='bbox 2135 689 2185 743; x_wconf 83' lang='lat'><strong>⁵⁷</strong></span> <span class='ocrx_word' id='word_1_35' title='bbox 2231 704 2522 799; x_wconf 82' lang='lat' dir='ltr'>hyssopo</span> <span class='ocrx_word' id='word_1_36' title='bbox 2545 755 2566 790; x_wconf 85' lang='lat'>‚</span> 
     </span>
     <span class='ocr_line' id='line_1_7' title="bbox 450 810 2565 940; baseline 0.001 -62"><span class='ocrx_word' id='word_1_37' title='bbox 450 811 659 880; x_wconf 87' lang='lat' dir='ltr'><strong>unciis</strong></span> <span class='ocrx_word' id='word_1_38' title='bbox 700 811 909 879; x_wconf 85' lang='lat' dir='ltr'><strong>tribus</strong></span> <span class='ocrx_word' id='word_1_39' title='bbox 952 811 1019 878; x_wconf 90' lang='lat' dir='ltr'><strong>in</strong></span> <span class='ocrx_word' id='word_1_40' title='bbox 1068 811 1235 879; x_wconf 92' lang='lat' dir='ltr'><strong>duos</strong></span> <span class='ocrx_word' id='word_1_41' title='bbox 1278 813 1551 940; x_wconf 49' lang='lat' dir='ltr'><strong>conffios</strong></span> <span class='ocrx_word' id='word_1_42' title='bbox 1596 813 1792 880; x_wconf 87' lang='lat' dir='ltr'><strong>musti</strong></span> <span class='ocrx_word' id='word_1_43' title='bbox 1830 810 2142 904; x_wconf 88' lang='lat' dir='ltr'><strong>conjectis</strong></span> <span class='ocrx_word' id='word_1_44' title='bbox 2166 863 2184 892; x_wconf 86' lang='lat'>‚</span> <span class='ocrx_word' id='word_1_45' title='bbox 2243 825 2360 882; x_wconf 89' lang='lat' dir='ltr'><strong>aut</strong></span> <span class='ocrx_word' id='word_1_46' title='bbox 2397 813 2565 881; x_wconf 85' lang='lat' dir='ltr'><strong>tusis</strong></span> 
     </span>
     <span class='ocr_line' id='line_1_8' title="bbox 446 903 2566 1010; baseline 0.001 -26"><span class='ocrx_word' id='word_1_47' title='bbox 446 916 517 984; x_wconf 92' lang='lat' dir='ltr'><strong>in</strong></span> <span class='ocrx_word' id='word_1_48' title='bbox 560 939 788 984; x_wconf 87' lang='lat' dir='ltr'><strong>unum.</strong></span> <span class='ocrx_word' id='word_1_49' title='bbox 842 917 1037 984; x_wconf 87' lang='lat' dir='ltr'><strong>Fiunt</strong></span> <span class='ocrx_word' id='word_1_50' title='bbox 1096 903 1415 1010; x_wconf 83' lang='lat' dir='ltr'><strong>utraque⁵</strong></span> <span class='ocrx_word' id='word_1_51' title='bbox 1493 931 1560 986; x_wconf 89' lang='lat' dir='ltr'><strong>et</strong></span> <span class='ocrx_word' id='word_1_52' title='bbox 1612 916 1740 986; x_wconf 85' lang='lat' dir='ltr'><strong>alio</strong></span> <span class='ocrx_word' id='word_1_53' title='bbox 1797 916 2034 1001; x_wconf 81' lang='lat' dir='ltr'><strong>modo,</strong></span> <span class='ocrx_word' id='word_1_54' title='bbox 2074 918 2250 985; x_wconf 89' lang='lat' dir='ltr'><strong>circa</strong></span> <span class='ocrx_word' id='word_1_55' title='bbox 2307 916 2566 986; x_wconf 84' lang='lat' dir='ltr'><strong>radices</strong></span> 
     </span>
     <span class='ocr_line' id='line_1_9' title="bbox 444 1008 2566 1116; baseline 0.002 -28"><span class='ocrx_word' id='word_1_56' title='bbox 444 1022 682 1090; x_wconf 76' lang='lat' dir='ltr'><strong>vitium</strong></span> <span class='ocrx_word' id='word_1_57' title='bbox 728 1035 891 1091; x_wconf 83' lang='lat' dir='ltr'><strong>sato.</strong></span> <span class='ocrx_word' id='word_1_58' title='bbox 938 1024 1047 1090; x_wconf 90' lang='lat' dir='ltr'><strong>Sic</strong></span> <span class='ocrx_word' id='word_1_59' title='bbox 1106 1037 1174 1091; x_wconf 89' lang='lat' dir='ltr'><strong>et</strong></span> <span class='ocrx_word' id='word_1_60' title='bbox 1230 1021 1616 1092; x_wconf 86' lang='lat' dir='ltr'><strong>elleboriten</strong></span> <span class='ocrx_word' id='word_1_61' title='bbox 1637 1008 1686 1060; x_wconf 85' lang='lat'><strong>⁵⁹</strong></span> <span class='ocrx_word' id='word_1_62' title='bbox 1732 1022 1876 1090; x_wconf 87' lang='lat' dir='ltr'><strong>fieri</strong></span> <span class='ocrx_word' id='word_1_63' title='bbox 1927 1047 2012 1092; x_wconf 79' lang='lat' dir='ltr'><strong>ex</strong></span> <span class='ocrx_word' id='word_1_64' title='bbox 2057 1037 2324 1091; x_wconf 85' lang='lat' dir='ltr'><strong>veratro</strong></span> <span class='ocrx_word' id='word_1_65' title='bbox 2367 1024 2566 1116; x_wconf 89' lang='lat' dir='ltr'><strong>nigro</strong></span> 
     </span>
     <span class='ocr_line' id='line_1_10' title="bbox 450 1111 2566 1217; baseline 0 -21"><span class='ocrx_word' id='word_1_66' title='bbox 450 1129 621 1196; x_wconf 82' lang='lat' dir='ltr'><strong>Cato</strong></span> <span class='ocrx_word' id='word_1_67' title='bbox 648 1111 924 1197; x_wconf 78' lang='lat' dir='ltr'><strong>docet⁶⁰.</strong></span> <span class='ocrx_word' id='word_1_68' title='bbox 960 1129 1069 1198; x_wconf 84' lang='lat' dir='ltr'><strong>Sic</strong></span> <span class='ocrx_word' id='word_1_69' title='bbox 1090 1128 1167 1197; x_wconf 88' lang='lat' dir='ltr'><strong>fit</strong></span> <span class='ocrx_word' id='word_1_70' title='bbox 1198 1143 1269 1197; x_wconf 88' lang='lat' dir='ltr'><strong>et</strong></span> <span class='ocrx_word' id='word_1_71' title='bbox 1296 1129 1776 1198; x_wconf 84' lang='lat' dir='ltr'><strong>scammonites.</strong></span> <span class='ocrx_word' id='word_1_72' title='bbox 1810 1130 1985 1196; x_wconf 85' lang='lat' dir='ltr'><strong>Mira</strong></span> <span class='ocrx_word' id='word_1_73' title='bbox 2020 1129 2254 1197; x_wconf 85' lang='lat' dir='ltr'><strong>vitium</strong></span> <span class='ocrx_word' id='word_1_74' title='bbox 2293 1143 2566 1217; x_wconf 85' lang='lat' dir='ltr'><strong>natura,</strong></span> 
     </span>
     <span class='ocr_line' id='line_1_11' title="bbox 446 1219 2565 1328; baseline 0 -26"><span class='ocrx_word' id='word_1_75' title='bbox 446 1256 753 1328; x_wconf 78' lang='lat' dir='ltr'><strong>saporem</strong></span> <span class='ocrx_word' id='word_1_76' title='bbox 788 1233 1072 1302; x_wconf 87' lang='lat' dir='ltr'><strong>alienum</strong></span> <span class='ocrx_word' id='word_1_77' title='bbox 1096 1219 1145 1257; x_wconf 82' lang='lat'><strong>⁶¹</strong></span> <span class='ocrx_word' id='word_1_78' title='bbox 1180 1235 1248 1302; x_wconf 90' lang='lat' dir='ltr'><strong>in</strong></span> <span class='ocrx_word' id='word_1_79' title='bbox 1284 1259 1355 1304; x_wconf 83' lang='lat' dir='ltr'><strong>se</strong></span> <span class='ocrx_word' id='word_1_80' title='bbox 1392 1234 1726 1319; x_wconf 85' lang='lat' dir='ltr'><strong>trahendi,</strong></span> <span class='ocrx_word' id='word_1_81' title='bbox 1750 1232 2008 1328; x_wconf 83' lang='lat' dir='ltr'><strong>qualem</strong></span> <span class='ocrx_word' id='word_1_82' title='bbox 2041 1248 2111 1302; x_wconf 88' lang='lat' dir='ltr'><strong>et</strong></span> <span class='ocrx_word' id='word_1_83' title='bbox 2143 1232 2414 1303; x_wconf 85' lang='lat' dir='ltr'><strong>salicum</strong></span> <span class='ocrx_word' id='word_1_84' title='bbox 2450 1259 2565 1302; x_wconf 89' lang='lat' dir='ltr'><strong>re-</strong></span> 
     </span>
     <span class='ocr_line' id='line_1_12' title="bbox 448 1338 2566 1434; baseline 0.002 -26"><span class='ocrx_word' id='word_1_85' title='bbox 448 1338 677 1408; x_wconf 90' lang='lat' dir='ltr'><strong>dolent</strong></span> <span class='ocrx_word' id='word_1_86' title='bbox 707 1339 1175 1416; x_wconf 76' lang='lat' dir='ltr'><strong>Patavinorum</strong></span> <span class='ocrx_word' id='word_1_87' title='bbox 1220 1341 1289 1408; x_wconf 88' lang='lat' dir='ltr'><strong>in</strong></span> <span class='ocrx_word' id='word_1_88' title='bbox 1324 1338 1723 1434; x_wconf 88' lang='lat' dir='ltr'><strong>palustribus</strong></span> <span class='ocrx_word' id='word_1_89' title='bbox 1757 1340 2117 1410; x_wconf 81' lang='lat' dir='ltr'><strong>vindemiae.</strong></span> <span class='ocrx_word' id='word_1_90' title='bbox 2159 1342 2268 1409; x_wconf 91' lang='lat' dir='ltr'><strong>Sic</strong></span> <span class='ocrx_word' id='word_1_91' title='bbox 2297 1354 2366 1409; x_wconf 88' lang='lat' dir='ltr'><strong>et</strong></span> <span class='ocrx_word' id='word_1_92' title='bbox 2399 1340 2566 1412; x_wconf 89' lang='lat' dir='ltr'><strong>elle-</strong></span> 
     </span>
     <span class='ocr_line' id='line_1_13' title="bbox 448 1444 2564 1534; baseline 0.001 -21"><span class='ocrx_word' id='word_1_93' title='bbox 448 1444 687 1514; x_wconf 88' lang='lat' dir='ltr'><strong>borum</strong></span> <span class='ocrx_word' id='word_1_94' title='bbox 721 1446 957 1515; x_wconf 87' lang='lat' dir='ltr'><strong>seritur</strong></span> <span class='ocrx_word' id='word_1_95' title='bbox 988 1447 1058 1515; x_wconf 89' lang='lat' dir='ltr'><strong>in</strong></span> <span class='ocrx_word' id='word_1_96' title='bbox 1083 1446 1301 1516; x_wconf 84' lang='lat' dir='ltr'><strong>Thaso</strong></span> <span class='ocrx_word' id='word_1_97' title='bbox 1320 1499 1339 1534; x_wconf 93' lang='lat'>,</span> <span class='ocrx_word' id='word_1_98' title='bbox 1376 1459 1494 1514; x_wconf 90' lang='lat' dir='ltr'><strong>aut</strong></span> <span class='ocrx_word' id='word_1_99' title='bbox 1523 1445 1818 1517; x_wconf 75' lang='lat' dir='ltr'><strong>cuctimis</strong></span> <span class='ocrx_word' id='word_1_100' title='bbox 1850 1446 2169 1528; x_wconf 82' lang='lat' dir='ltr'><strong>silvester,</strong></span> <span class='ocrx_word' id='word_1_101' title='bbox 2215 1460 2329 1514; x_wconf 88' lang='lat' dir='ltr'><strong>aut</strong></span> <span class='ocrx_word' id='word_1_102' title='bbox 2355 1471 2564 1516; x_wconf 88' lang='lat' dir='ltr'><strong>scam-</strong></span> 
     </span>
     <span class='ocr_line' id='line_1_14' title="bbox 449 1537 2566 1646; baseline 0.001 -26"><span class='ocrx_word' id='word_1_103' title='bbox 449 1553 667 1620; x_wconf 83' lang='lat' dir='ltr'><strong>monia</strong></span> <span class='ocrx_word' id='word_1_104' title='bbox 694 1577 713 1620; x_wconf 84' lang='lat'>:</span> <span class='ocrx_word' id='word_1_105' title='bbox 750 1551 931 1645; x_wconf 89' lang='lat' dir='ltr'><strong>quod</strong></span> <span class='ocrx_word' id='word_1_106' title='bbox 967 1553 1191 1622; x_wconf 85' lang='lat' dir='ltr'><strong>vinum</strong></span> <span class='ocrx_word' id='word_1_107' title='bbox 1226 1537 1674 1646; x_wconf 83' lang='lat' dir='ltr'><strong>phthorium⁵²</strong></span> <span class='ocrx_word' id='word_1_108' title='bbox 1701 1567 1982 1640; x_wconf 84' lang='lat' dir='ltr'><strong>vocant,</strong></span> <span class='ocrx_word' id='word_1_109' title='bbox 2021 1553 2566 1646; x_wconf 80' lang='lat' dir='ltr'><strong>quoniamabor-</strong></span> 
     </span>
     <span class='ocr_line' id='line_1_15' title="bbox 450 1657 775 1728; baseline 0 -2"><span class='ocrx_word' id='word_1_110' title='bbox 450 1671 557 1728; x_wconf 90' lang='lat' dir='ltr'><strong>tus</strong></span> <span class='ocrx_word' id='word_1_111' title='bbox 600 1657 775 1727; x_wconf 82' lang='lat' dir='ltr'><strong>facit.</strong></span> 
     </span>
    </p>

    <p class='ocr_par' dir='ltr' id='par_1_4' title="bbox 382 1761 2638 1966">
     <span class='ocr_line' id='line_1_16' title="bbox 382 1761 2565 1860; baseline 0.002 -31"><span class='ocrx_word' id='word_1_112' title='bbox 382 1790 417 1844; x_wconf 73' lang='lat' dir='ltr'>g</span> <span class='ocrx_word' id='word_1_113' title='bbox 554 1763 661 1832; x_wconf 87' lang='lat' dir='ltr'><strong>Fit</strong></span> <span class='ocrx_word' id='word_1_114' title='bbox 687 1777 754 1832; x_wconf 90' lang='lat' dir='ltr'><strong>et</strong></span> <span class='ocrx_word' id='word_1_115' title='bbox 793 1788 875 1832; x_wconf 88' lang='lat' dir='ltr'><strong>ex</strong></span> <span class='ocrx_word' id='word_1_116' title='bbox 909 1763 1167 1848; x_wconf 81' lang='lat' dir='ltr'><strong>herbis,</strong></span> <span class='ocrx_word' id='word_1_117' title='bbox 1194 1787 1478 1860; x_wconf 86' lang='lat' dir='ltr'><strong>quarum</strong></span> <span class='ocrx_word' id='word_1_118' title='bbox 1515 1779 1765 1836; x_wconf 84' lang='lat' dir='ltr'><strong>naturae</strong></span> <span class='ocrx_word' id='word_1_119' title='bbox 1809 1789 1928 1834; x_wconf 88' lang='lat' dir='ltr'><strong>suo</strong></span> <span class='ocrx_word' id='word_1_120' title='bbox 1964 1761 2113 1832; x_wconf 95' lang='lat' dir='ltr'><strong>loco</strong></span> <span class='ocrx_word' id='word_1_121' title='bbox 2151 1762 2472 1846; x_wconf 82' lang='lat' dir='ltr'><strong>dicentur.</strong></span> <span class='ocrx_word' id='word_1_122' title='bbox 2505 1767 2565 1834; x_wconf 92' lang='lat' dir='ltr'>E</span> 
     </span>
     <span class='ocr_line' id='line_1_17' title="bbox 450 1853 2638 1966; baseline 0.001 -28"><span class='ocrx_word' id='word_1_123' title='bbox 450 1869 785 1939; x_wconf 83' lang='lat' dir='ltr'><strong>stoechade</strong></span> <span class='ocrx_word' id='word_1_124' title='bbox 800 1853 873 1950; x_wconf 79' lang='lat'><strong>⁶³,</strong></span> <span class='ocrx_word' id='word_1_125' title='bbox 906 1883 973 1938; x_wconf 90' lang='lat' dir='ltr'><strong>et</strong></span> <span class='ocrx_word' id='word_1_126' title='bbox 1006 1857 1227 1940; x_wconf 81' lang='lat' dir='ltr'><strong>radice</strong></span> <span class='ocrx_word' id='word_1_127' title='bbox 1268 1873 1622 1966; x_wconf 83' lang='lat' dir='ltr'><strong>gentianae,</strong></span> <span class='ocrx_word' id='word_1_128' title='bbox 1661 1886 1726 1942; x_wconf 91' lang='lat' dir='ltr'><strong>et</strong></span> <span class='ocrx_word' id='word_1_129' title='bbox 1767 1871 2222 1965; x_wconf 81' lang='lat' dir='ltr'><strong>tragoriganO,</strong></span> <span class='ocrx_word' id='word_1_130' title='bbox 2255 1885 2324 1939; x_wconf 93' lang='lat' dir='ltr'><strong>et</strong></span> <span class='ocrx_word' id='word_1_131' title='bbox 2359 1870 2565 1941; x_wconf 89' lang='lat' dir='ltr'><strong>dicta·</strong></span> <span class='ocrx_word' id='word_1_132' title='bbox 2631 1923 2638 1930; x_wconf 87' lang='lat'>-</span> 
     </span>
    </p>
   </div>
   <div class='ocr_carea' id='block_1_4' title="bbox 1547 2061 2570 2205">
    <p class='ocr_par' dir='ltr' id='par_1_5' title="bbox 1547 2061 2570 2205">
     <span class='ocr_line' id='line_1_18' title="bbox 1633 2061 2570 2131; baseline 0 -15"><span class='ocrx_word' id='word_1_133' title='bbox 1633 2064 1704 2131; x_wconf 82' lang='lat'><strong>59</strong></span> <span class='ocrx_word' id='word_1_134' title='bbox 1713 2103 1724 2114; x_wconf 95' lang='lat'>.</span> <span class='ocrx_word' id='word_1_135' title='bbox 1739 2061 1822 2115; x_wconf 77' lang='lat' dir='ltr'><strong>Sic</strong></span> <span class='ocrx_word' id='word_1_136' title='bbox 1835 2074 1887 2114; x_wconf 74' lang='lat' dir='ltr'><strong>et</strong></span> <span class='ocrx_word' id='word_1_137' title='bbox 1899 2061 2186 2114; x_wconf 72' lang='lat' dir='ltr'><strong>elleboriten.</strong></span> <span class='ocrx_word' id='word_1_138' title='bbox 2205 2061 2293 2114; x_wconf 88' lang='lat' dir='ltr'><strong>Sic</strong></span> <span class='ocrx_word' id='word_1_139' title='bbox 2309 2061 2570 2117; x_wconf 81' lang='lat' dir='ltr'><strong>nimirum</strong></span> 
     </span>
     <span class='ocr_line' id='line_1_19' title="bbox 1547 2139 2568 2205; baseline 0 -10"><span class='ocrx_word' id='word_1_140' title='bbox 1547 2139 1616 2196; x_wconf 73' lang='lat' dir='ltr'><strong>nd</strong></span> <span class='ocrx_word' id='word_1_141' title='bbox 1645 2143 1832 2194; x_wconf 82' lang='lat' dir='ltr'><strong>vitium</strong></span> <span class='ocrx_word' id='word_1_142' title='bbox 1868 2140 2072 2194; x_wconf 77' lang='lat' dir='ltr'><strong>radices</strong></span> <span class='ocrx_word' id='word_1_143' title='bbox 2093 2151 2304 2194; x_wconf 76' lang='lat' dir='ltr'><strong>veratro</strong></span> <span class='ocrx_word' id='word_1_144' title='bbox 2333 2141 2536 2195; x_wconf 79' lang='lat' dir='ltr'><strong>consito</strong></span> <span class='ocrx_word' id='word_1_145' title='bbox 2549 2175 2568 2205; x_wconf 86' lang='lat'>‚</span> 
     </span>
    </p>
   </div>
   <div class='ocr_carea' id='block_1_5' title="bbox 440 2060 2569 2530">
    <p class='ocr_par' dir='ltr' id='par_1_6' title="bbox 441 2060 1462 2134">
     <span class='ocr_line' id='line_1_20' title="bbox 441 2060 1462 2134; baseline 0 -18"><span class='ocrx_word' id='word_1_146' title='bbox 441 2060 691 2117; x_wconf 80' lang='lat' dir='ltr'><strong>cinnsndi</strong></span> <span class='ocrx_word' id='word_1_147' title='bbox 732 2061 921 2116; x_wconf 87' lang='lat' dir='ltr'><strong>modos</strong></span> <span class='ocrx_word' id='word_1_148' title='bbox 972 2063 1294 2134; x_wconf 73' lang='lat' dir='ltr'><strong>multiplices</strong></span> <span class='ocrx_word' id='word_1_149' title='bbox 1339 2063 1462 2116; x_wconf 81' lang='lat' dir='ltr'><strong>vide</strong></span> 
     </span>
    </p>

    <p class='ocr_par' dir='ltr' id='par_1_7' title="bbox 442 2142 2568 2285">
     <span class='ocr_line' id='line_1_21' title="bbox 442 2142 1427 2214; baseline -0.001 -18"><span class='ocrx_word' id='word_1_150' title='bbox 442 2161 529 2214; x_wconf 79' lang='lat' dir='ltr'><strong>up.</strong></span> <span class='ocrx_word' id='word_1_151' title='bbox 555 2142 729 2195; x_wconf 88' lang='lat' dir='ltr'><strong>Diosc.</strong></span> <span class='ocrx_word' id='word_1_152' title='bbox 753 2143 849 2196; x_wconf 87' lang='lat' dir='ltr'><strong>lib.</strong></span> <span class='ocrx_word' id='word_1_153' title='bbox 878 2143 949 2207; x_wconf 83' lang='lat' dir='ltr'><strong>V,</strong></span> <span class='ocrx_word' id='word_1_154' title='bbox 974 2161 1092 2212; x_wconf 74' lang='lat' dir='ltr'><strong>cap·</strong></span> <span class='ocrx_word' id='word_1_155' title='bbox 1124 2148 1216 2210; x_wconf 69' lang='lat'><strong>49.</strong></span> <span class='ocrx_word' id='word_1_156' title='bbox 1244 2143 1427 2195; x_wconf 68' lang='lat' dir='ltr'><strong>Hsnn.</strong></span> 
     </span>
     <span class='ocr_line' id='line_1_22' title="bbox 527 2219 2568 2285; baseline -0 -10"><span class='ocrx_word' id='word_1_157' title='bbox 527 2223 619 2284; x_wconf 69' lang='lat'><strong>54.</strong></span> <span class='ocrx_word' id='word_1_158' title='bbox 654 2223 719 2273; x_wconf 77' lang='lat' dir='ltr'><strong>les</strong></span> <span class='ocrx_word' id='word_1_159' title='bbox 758 2221 860 2272; x_wconf 83' lang='lat' dir='ltr'><strong>XL</strong></span> <span class='ocrx_word' id='word_1_160' title='bbox 890 2225 1139 2272; x_wconf 66' lang='lat' dir='ltr'><strong>sextarios.</strong></span> <span class='ocrx_word' id='word_1_161' title='bbox 1174 2245 1199 2267; x_wconf 72' lang='grc' dir='ltr'><strong>α</strong></span> <span class='ocrx_word' id='word_1_162' title='bbox 1224 2221 1462 2274; x_wconf 79' lang='lat' dir='ltr'><strong>XLVIII</strong></span> <span class='ocrx_word' id='word_1_163' title='bbox 1547 2223 1632 2274; x_wconf 79' lang='lat' dir='ltr'><strong>vel</strong></span> <span class='ocrx_word' id='word_1_164' title='bbox 1666 2221 2016 2285; x_wconf 64' lang='lat' dir='ltr'><strong>scammonia„¹</strong></span> <span class='ocrx_word' id='word_1_165' title='bbox 2046 2221 2179 2273; x_wconf 84' lang='lat' dir='ltr'><strong>Cato</strong></span> <span class='ocrx_word' id='word_1_166' title='bbox 2209 2219 2277 2274; x_wconf 85' lang='lat' dir='ltr'><strong>de</strong></span> <span class='ocrx_word' id='word_1_167' title='bbox 2313 2222 2376 2272; x_wconf 81' lang='lat' dir='ltr'><strong>R.</strong></span> <span class='ocrx_word' id='word_1_168' title='bbox 2417 2222 2482 2274; x_wconf 86' lang='lat' dir='ltr'><strong>R.</strong></span> <span class='ocrx_word' id='word_1_169' title='bbox 2519 2239 2568 2276; x_wconf 89' lang='lat' dir='ltr'><strong>c.</strong></span> 
     </span>
    </p>

    <p class='ocr_par' dir='ltr' id='par_1_8' title="bbox 443 2291 2182 2373">
     <span class='ocr_line' id='line_1_23' title="bbox 443 2291 2182 2373; baseline 0 -20"><span class='ocrx_word' id='word_1_170' title='bbox 443 2299 676 2353; x_wconf 73' lang='lat' dir='ltr'><strong>sextariis</strong></span> <span class='ocrx_word' id='word_1_171' title='bbox 721 2299 915 2365; x_wconf 82' lang='lat' dir='ltr'><strong>musti,</strong></span> <span class='ocrx_word' id='word_1_172' title='bbox 960 2299 1207 2352; x_wconf 71' lang='lat' dir='ltr'><strong>absinthii</strong></span> <span class='ocrx_word' id='word_1_173' title='bbox 1251 2291 1458 2354; x_wconf 78' lang='lat' dir='ltr'><strong>Pontici</strong></span> <span class='ocrx_word' id='word_1_174' title='bbox 1547 2319 1677 2367; x_wconf 79' lang='lat' dir='ltr'><strong>oxv,</strong></span> <span class='ocrx_word' id='word_1_175' title='bbox 1697 2319 1815 2373; x_wconf 79' lang='lat' dir='ltr'><strong>pag.</strong></span> <span class='ocrx_word' id='word_1_176' title='bbox 1849 2303 1971 2364; x_wconf 73' lang='lat'><strong>164.</strong></span> <span class='ocrx_word' id='word_1_177' title='bbox 1999 2298 2182 2353; x_wconf 67' lang='lat' dir='ltr'><strong>Hsnn.</strong></span> 
     </span>
    </p>

    <p class='ocr_par' dir='ltr' id='par_1_9' title="bbox 442 2375 2568 2450">
     <span class='ocr_line' id='line_1_24' title="bbox 442 2375 2568 2450; baseline 0 -19"><span class='ocrx_word' id='word_1_178' title='bbox 442 2379 605 2440; x_wconf 79' lang='lat' dir='ltr'><strong>libra,</strong></span> <span class='ocrx_word' id='word_1_179' title='bbox 640 2377 871 2431; x_wconf 85' lang='lat' dir='ltr'><strong>decoctis</strong></span> <span class='ocrx_word' id='word_1_180' title='bbox 904 2375 971 2430; x_wconf 82' lang='lat' dir='ltr'><strong>sd</strong></span> <span class='ocrx_word' id='word_1_181' title='bbox 1006 2378 1183 2432; x_wconf 83' lang='lat' dir='ltr'><strong>tertias</strong></span> <span class='ocrx_word' id='word_1_182' title='bbox 1211 2391 1399 2450; x_wconf 76' lang='lat' dir='ltr'><strong>partes.</strong></span> <span class='ocrx_word' id='word_1_183' title='bbox 1427 2405 1452 2428; x_wconf 66' lang='grc' dir='ltr'><strong>ι</strong></span> <span class='ocrx_word' id='word_1_184' title='bbox 1628 2385 1718 2435; x_wconf 83' lang='grc'><strong>60.</strong></span> <span class='ocrx_word' id='word_1_185' title='bbox 1751 2381 1876 2434; x_wconf 78' lang='lat' dir='ltr'><strong>Cato</strong></span> <span class='ocrx_word' id='word_1_186' title='bbox 1905 2380 2056 2431; x_wconf 66' lang='lat' dir='ltr'><strong>donet.</strong></span> <span class='ocrx_word' id='word_1_187' title='bbox 2085 2379 2217 2450; x_wconf 77' lang='lat' dir='ltr'><strong>Cap.</strong></span> <span class='ocrx_word' id='word_1_188' title='bbox 2243 2397 2360 2432; x_wconf 79' lang='lat' dir='ltr'><strong>cxv.</strong></span> <span class='ocrx_word' id='word_1_189' title='bbox 2395 2377 2568 2432; x_wconf 69' lang='lat' dir='ltr'><strong>Cote-</strong></span> 
     </span>
    </p>

    <p class='ocr_par' dir='ltr' id='par_1_10' title="bbox 440 2457 2569 2530">
     <span class='ocr_line' id='line_1_25' title="bbox 440 2457 2569 2530; baseline 0 -18"><span class='ocrx_word' id='word_1_190' title='bbox 440 2457 683 2512; x_wconf 68' lang='lat' dir='ltr'><strong>Buduus.</strong></span> <span class='ocrx_word' id='word_1_191' title='bbox 712 2479 795 2493; x_wconf 88' lang='lat'><strong>··-</strong></span> <span class='ocrx_word' id='word_1_192' title='bbox 838 2459 998 2530; x_wconf 51' lang='grc' dir='ltr'><strong>Βοῦς.</strong></span> <span class='ocrx_word' id='word_1_193' title='bbox 1035 2479 1055 2510; x_wconf 80' lang='lat' dir='ltr'><strong>r</strong></span> <span class='ocrx_word' id='word_1_194' title='bbox 1073 2497 1090 2522; x_wconf 84' lang='lat'><strong>‚</strong></span> <span class='ocrx_word' id='word_1_195' title='bbox 1134 2477 1161 2510; x_wconf 76' lang='lat'>2</span> <span class='ocrx_word' id='word_1_196' title='bbox 1181 2496 1199 2522; x_wconf 82' lang='lat'>‚</span> <span class='ocrx_word' id='word_1_197' title='bbox 1234 2463 1459 2511; x_wconf 73' lang='lat' dir='ltr'><strong>sextariis</strong></span> <span class='ocrx_word' id='word_1_198' title='bbox 1543 2478 1664 2513; x_wconf 84' lang='lat' dir='ltr'><strong>rum</strong></span> <span class='ocrx_word' id='word_1_199' title='bbox 1697 2458 1976 2513; x_wconf 81' lang='lat' dir='ltr'><strong>serendum</strong></span> <span class='ocrx_word' id='word_1_200' title='bbox 2011 2471 2276 2511; x_wconf 70' lang='lat' dir='ltr'><strong>veratrum</strong></span> <span class='ocrx_word' id='word_1_201' title='bbox 2315 2477 2425 2511; x_wconf 85' lang='lat' dir='ltr'><strong>esse</strong></span> <span class='ocrx_word' id='word_1_202' title='bbox 2453 2478 2569 2513; x_wconf 84' lang='lat' dir='ltr'><strong>non</strong></span> 
     </span>
    </p>
   </div>
   <div class='ocr_carea' id='block_1_6' title="bbox 435 2535 1462 3882">
    <p class='ocr_par' dir='ltr' id='par_1_11' title="bbox 442 2535 1454 2609">
     <span class='ocr_line' id='line_1_26' title="bbox 442 2535 1454 2609; baseline 0.001 -19"><span class='ocrx_word' id='word_1_203' title='bbox 442 2542 588 2591; x_wconf 71' lang='lat' dir='ltr'><strong>musti</strong></span> <span class='ocrx_word' id='word_1_204' title='bbox 600 2577 617 2602; x_wconf 87' lang='lat'><em>,</em></span> <span class='ocrx_word' id='word_1_205' title='bbox 651 2535 800 2609; x_wconf 84' lang='lat' dir='ltr'><strong>qnod</strong></span> <span class='ocrx_word' id='word_1_206' title='bbox 822 2538 1022 2609; x_wconf 83' lang='lat' dir='ltr'><strong>recepit</strong></span> <span class='ocrx_word' id='word_1_207' title='bbox 1038 2537 1325 2598; x_wconf 83' lang='lat' dir='ltr'><strong>Broterius.</strong></span> <span class='ocrx_word' id='word_1_208' title='bbox 1350 2541 1454 2592; x_wconf 83' lang='lat' dir='ltr'><strong>En.</strong></span> 
     </span>
    </p>

    <p class='ocr_par' dir='ltr' id='par_1_12' title="bbox 436 2615 1462 3068">
     <span class='ocr_line' id='line_1_27' title="bbox 523 2615 1458 2688; baseline 0 -18"><span class='ocrx_word' id='word_1_209' title='bbox 523 2618 616 2670; x_wconf 83' lang='lat'><strong>⁵5.</strong></span> <span class='ocrx_word' id='word_1_210' title='bbox 648 2615 817 2688; x_wconf 75' lang='lat' dir='ltr'><strong>Scapis</strong></span> <span class='ocrx_word' id='word_1_211' title='bbox 850 2617 1095 2670; x_wconf 71' lang='lat' dir='ltr'><strong>absinthii.</strong></span> <span class='ocrx_word' id='word_1_212' title='bbox 1126 2619 1309 2688; x_wconf 71' lang='lat' dir='ltr'><strong>Scopae</strong></span> <span class='ocrx_word' id='word_1_213' title='bbox 1346 2637 1458 2670; x_wconf 78' lang='lat' dir='ltr'><strong>mn·</strong></span> 
     </span>
     <span class='ocr_line' id='line_1_28' title="bbox 439 2697 1462 2760; baseline 0 -9"><span class='ocrx_word' id='word_1_214' title='bbox 439 2697 620 2751; x_wconf 74' lang='lat' dir='ltr'><strong>nudes</strong></span> <span class='ocrx_word' id='word_1_215' title='bbox 642 2732 659 2760; x_wconf 87' lang='lat'>‚</span> <span class='ocrx_word' id='word_1_216' title='bbox 704 2697 989 2752; x_wconf 78' lang='lat' dir='ltr'><strong>herbarum</strong></span> <span class='ocrx_word' id='word_1_217' title='bbox 1046 2697 1281 2750; x_wconf 73' lang='lat' dir='ltr'><strong>fasciculi</strong></span> <span class='ocrx_word' id='word_1_218' title='bbox 1340 2711 1462 2752; x_wconf 84' lang='lat' dir='ltr'><strong>sunt</strong></span> 
     </span>
     <span class='ocr_line' id='line_1_29' title="bbox 440 2775 1453 2849; baseline 0 -19"><span class='ocrx_word' id='word_1_219' title='bbox 440 2776 701 2849; x_wconf 68' lang='lat' dir='ltr'><strong>colligati,</strong></span> <span class='ocrx_word' id='word_1_220' title='bbox 740 2795 833 2830; x_wconf 85' lang='lat' dir='ltr'><strong>sen</strong></span> <span class='ocrx_word' id='word_1_221' title='bbox 872 2775 1163 2848; x_wconf 71' lang='lat' dir='ltr'><strong>manipuli,</strong></span> <span class='ocrx_word' id='word_1_222' title='bbox 1190 2777 1265 2830; x_wconf 77' lang='lat' dir='ltr'><strong>ita</strong></span> <span class='ocrx_word' id='word_1_223' title='bbox 1294 2776 1418 2830; x_wconf 86' lang='lat' dir='ltr'><strong>dicti</strong></span> <span class='ocrx_word' id='word_1_224' title='bbox 1436 2818 1453 2841; x_wconf 82' lang='lat'><em>,</em></span> 
     </span>
     <span class='ocr_line' id='line_1_30' title="bbox 440 2851 1456 2928; baseline 0 -18"><span class='ocrx_word' id='word_1_225' title='bbox 440 2856 589 2928; x_wconf 79' lang='lat' dir='ltr'><strong>qnod</strong></span> <span class='ocrx_word' id='word_1_226' title='bbox 626 2875 853 2910; x_wconf 76' lang='lat' dir='ltr'><strong>manum·</strong></span> <span class='ocrx_word' id='word_1_227' title='bbox 876 2855 1160 2926; x_wconf 76' lang='lat' dir='ltr'><strong>impleant,</strong></span> <span class='ocrx_word' id='word_1_228' title='bbox 1188 2858 1239 2909; x_wconf 78' lang='grc' dir='ltr'><strong>αἱ</strong></span> <span class='ocrx_word' id='word_1_229' title='bbox 1267 2851 1456 2926; x_wconf 55' lang='lat' dir='ltr'><strong>&amp;senat</strong></span> 
     </span>
     <span class='ocr_line' id='line_1_31' title="bbox 436 2936 1458 3007; baseline 0 -19"><span class='ocrx_word' id='word_1_230' title='bbox 436 2943 570 2988; x_wconf 72' lang='grc' dir='ltr'><strong>ποῶν</strong></span> <span class='ocrx_word' id='word_1_231' title='bbox 642 2938 963 3007; x_wconf 67' lang='grc' dir='ltr'><strong>χειροπληθεῖς</strong></span> <span class='ocrx_word' id='word_1_232' title='bbox 992 2971 1010 2998; x_wconf 83' lang='grc'><em>,</em></span> <span class='ocrx_word' id='word_1_233' title='bbox 1084 2936 1166 2987; x_wconf 81' lang='lat' dir='ltr'><strong>des</strong></span> <span class='ocrx_word' id='word_1_234' title='bbox 1230 2939 1458 3006; x_wconf 65' lang='lat' dir='ltr'><strong>poigndes</strong></span> 
     </span>
     <span class='ocr_line' id='line_1_32' title="bbox 439 3015 883 3068; baseline 0.005 -2"><span class='ocrx_word' id='word_1_235' title='bbox 439 3015 674 3068; x_wconf 57' lang='lat' dir='ltr'><strong>When-bes.</strong></span> <span class='ocrx_word' id='word_1_236' title='bbox 700 3017 883 3068; x_wconf 71' lang='lat' dir='ltr'><strong>Hsnn.</strong></span> 
     </span>
    </p>

    <p class='ocr_par' dir='ltr' id='par_1_13' title="bbox 436 3093 1458 3314">
     <span class='ocr_line' id='line_1_33' title="bbox 522 3093 1456 3165; baseline -0.001 -18"><span class='ocrx_word' id='word_1_237' title='bbox 522 3093 611 3148; x_wconf 79' lang='lat'><strong>56.</strong></span> <span class='ocrx_word' id='word_1_238' title='bbox 641 3094 935 3165; x_wconf 74' lang='lat' dir='ltr'><strong>Hyssopae&#39;tes.</strong></span> <span class='ocrx_word' id='word_1_239' title='bbox 974 3095 1055 3146; x_wconf 88' lang='lat' dir='ltr'><strong>De</strong></span> <span class='ocrx_word' id='word_1_240' title='bbox 1080 3111 1188 3164; x_wconf 86' lang='lat' dir='ltr'><strong>quo</strong></span> <span class='ocrx_word' id='word_1_241' title='bbox 1214 3094 1456 3148; x_wconf 82' lang='lat' dir='ltr'><strong>Dioscor.</strong></span> 
     </span>
     <span class='ocr_line' id='line_1_34' title="bbox 437 3160 1458 3246; baseline -0.001 -20"><span class='ocrx_word' id='word_1_242' title='bbox 437 3174 531 3227; x_wconf 89' lang='lat' dir='ltr'><strong>lib.</strong></span> <span class='ocrx_word' id='word_1_243' title='bbox 556 3175 636 3232; x_wconf 80' lang='lat' dir='ltr'><strong>V,</strong></span> <span class='ocrx_word' id='word_1_244' title='bbox 664 3192 779 3246; x_wconf 76' lang='lat' dir='ltr'><strong>cap.</strong></span> <span class='ocrx_word' id='word_1_245' title='bbox 810 3173 915 3227; x_wconf 78' lang='lat'><strong>50:</strong></span> <span class='ocrx_word' id='word_1_246' title='bbox 938 3160 1234 3234; x_wconf 57' lang='lat' dir='ltr'><strong>bomin&lt;</strong></span> <span class='ocrx_word' id='word_1_247' title='bbox 1258 3167 1318 3226; x_wconf 67' lang='grc' dir='ltr'><strong>δᾶ</strong></span> <span class='ocrx_word' id='word_1_248' title='bbox 1350 3176 1373 3225; x_wconf 80' lang='grc' dir='ltr'><strong>ὁ</strong></span> <span class='ocrx_word' id='word_1_249' title='bbox 1400 3177 1458 3226; x_wconf 67' lang='grc' dir='ltr'><strong>ἐκ</strong></span> 
     </span>
     <span class='ocr_line' id='line_1_35' title="bbox 436 3253 1455 3314; baseline 0.001 -9"><span class='ocrx_word' id='word_1_250' title='bbox 436 3259 521 3306; x_wconf 82' lang='grc' dir='ltr'><strong>τοῦ</strong></span> <span class='ocrx_word' id='word_1_251' title='bbox 542 3256 754 3307; x_wconf 56' lang='lat' dir='ltr'><strong>Kantion</strong></span> <span class='ocrx_word' id='word_1_252' title='bbox 766 3253 997 3307; x_wconf 70' lang='grc' dir='ltr'><strong>ὑσσώπου</strong></span> <span class='ocrx_word' id='word_1_253' title='bbox 1013 3253 1236 3314; x_wconf 61' lang='lat' dir='ltr'><strong>nmis-de</strong></span> <span class='ocrx_word' id='word_1_254' title='bbox 1254 3256 1373 3314; x_wconf 67' lang='grc' dir='ltr'><strong>ὶςιν.</strong></span> <span class='ocrx_word' id='word_1_255' title='bbox 1385 3253 1455 3306; x_wconf 86' lang='grc' dir='ltr'><strong>Η.</strong></span> 
     </span>
    </p>

    <p class='ocr_par' dir='ltr' id='par_1_14' title="bbox 440 3330 1457 3486">
     <span class='ocr_line' id='line_1_36' title="bbox 520 3330 1457 3402; baseline -0.003 -15"><span class='ocrx_word' id='word_1_256' title='bbox 520 3333 552 3387; x_wconf 83' lang='lat'><em>5</em></span> <span class='ocrx_word' id='word_1_257' title='bbox 560 3357 607 3401; x_wconf 84' lang='lat'><strong>·7.</strong></span> <span class='ocrx_word' id='word_1_258' title='bbox 636 3334 827 3388; x_wconf 72' lang='lat' dir='ltr'><strong>Cilicio.</strong></span> <span class='ocrx_word' id='word_1_259' title='bbox 858 3331 1029 3386; x_wconf 71' lang='lat' dir='ltr'><strong>Ciss‘lab</strong></span> <span class='ocrx_word' id='word_1_260' title='bbox 1050 3330 1216 3384; x_wconf 70' lang='lat' dir='ltr'><strong>Hasd.</strong></span> <span class='ocrx_word' id='word_1_261' title='bbox 1240 3349 1303 3385; x_wconf 85' lang='lat' dir='ltr'><strong>ex</strong></span> <span class='ocrx_word' id='word_1_262' title='bbox 1330 3351 1457 3402; x_wconf 86' lang='lat' dir='ltr'><strong>ope-</strong></span> 
     </span>
     <span class='ocr_line' id='line_1_37' title="bbox 440 3413 1019 3486; baseline -0.007 -19"><span class='ocrx_word' id='word_1_263' title='bbox 440 3431 619 3468; x_wconf 71' lang='lat' dir='ltr'><strong>rarum</strong></span> <span class='ocrx_word' id='word_1_264' title='bbox 648 3425 885 3486; x_wconf 71' lang='lat' dir='ltr'><strong>peccato.</strong></span> <span class='ocrx_word' id='word_1_265' title='bbox 912 3413 1019 3464; x_wconf 88' lang='lat' dir='ltr'><strong>En.</strong></span> 
     </span>
    </p>

    <p class='ocr_par' dir='ltr' id='par_1_15' title="bbox 435 3489 1457 3882">
     <span class='ocr_line' id='line_1_38' title="bbox 518 3489 1452 3560; baseline -0.006 -12"><span class='ocrx_word' id='word_1_266' title='bbox 518 3493 613 3548; x_wconf 82' lang='lat'><strong>58.</strong></span> <span class='ocrx_word' id='word_1_267' title='bbox 662 3493 817 3544; x_wconf 65' lang='lat' dir='ltr'><strong>Fiam</strong></span> <span class='ocrx_word' id='word_1_268' title='bbox 852 3502 1067 3560; x_wconf 75' lang='lat' dir='ltr'><strong>nemque.</strong></span> <span class='ocrx_word' id='word_1_269' title='bbox 1115 3489 1201 3542; x_wconf 82' lang='lat' dir='ltr'><strong>Fit</strong></span> <span class='ocrx_word' id='word_1_270' title='bbox 1236 3489 1452 3548; x_wconf 79' lang='lat' dir='ltr'><strong>vinum,</strong></span> 
     </span>
     <span class='ocr_line' id='line_1_39' title="bbox 435 3567 1457 3647; baseline -0.005 -21"><span class='ocrx_word' id='word_1_271' title='bbox 435 3573 610 3647; x_wconf 86' lang='lat' dir='ltr'><strong>inquit</strong></span> <span class='ocrx_word' id='word_1_272' title='bbox 622 3605 639 3628; x_wconf 74' lang='lat'><strong>‚</strong></span> <span class='ocrx_word' id='word_1_273' title='bbox 658 3583 710 3624; x_wconf 85' lang='lat' dir='ltr'><strong>et</strong></span> <span class='ocrx_word' id='word_1_274' title='bbox 727 3569 1041 3624; x_wconf 76' lang='lat' dir='ltr'><strong>absinthites</strong></span> <span class='ocrx_word' id='word_1_275' title='bbox 1054 3605 1071 3632; x_wconf 87' lang='lat'>,</span> <span class='ocrx_word' id='word_1_276' title='bbox 1094 3581 1145 3620; x_wconf 88' lang='lat' dir='ltr'><strong>et</strong></span> <span class='ocrx_word' id='word_1_277' title='bbox 1162 3567 1457 3639; x_wconf 78' lang='lat' dir='ltr'><strong>hyssopites</strong></span> 
     </span>
     <span class='ocr_line' id='line_1_40' title="bbox 436 3645 1455 3710; baseline -0.007 -4"><span class='ocrx_word' id='word_1_278' title='bbox 436 3652 542 3706; x_wconf 72' lang='lat' dir='ltr'><strong>alio</strong></span> <span class='ocrx_word' id='word_1_279' title='bbox 584 3647 746 3702; x_wconf 87' lang='lat' dir='ltr'><strong>modo</strong></span> <span class='ocrx_word' id='word_1_280' title='bbox 787 3666 801 3699; x_wconf 88' lang='lat'>:</span> <span class='ocrx_word' id='word_1_281' title='bbox 852 3665 974 3700; x_wconf 84' lang='lat' dir='ltr'><strong>nam</strong></span> <span class='ocrx_word' id='word_1_282' title='bbox 1023 3645 1288 3700; x_wconf 72' lang='lat' dir='ltr'><strong>absinthio</strong></span> <span class='ocrx_word' id='word_1_283' title='bbox 1306 3685 1323 3710; x_wconf 84' lang='lat'><strong>‚</strong></span> <span class='ocrx_word' id='word_1_284' title='bbox 1369 3647 1455 3699; x_wconf 78' lang='lat' dir='ltr'><strong>vel</strong></span> 
     </span>
     <span class='ocr_line' id='line_1_41' title="bbox 436 3723 1448 3801; baseline -0.002 -21"><span class='ocrx_word' id='word_1_285' title='bbox 436 3731 669 3801; x_wconf 75' lang='lat' dir='ltr'><strong>hyssopo</strong></span> <span class='ocrx_word' id='word_1_286' title='bbox 688 3766 705 3791; x_wconf 84' lang='lat'><strong>,</strong></span> <span class='ocrx_word' id='word_1_287' title='bbox 734 3725 873 3778; x_wconf 78' lang='lat' dir='ltr'><strong>circa</strong></span> <span class='ocrx_word' id='word_1_288' title='bbox 907 3724 1029 3777; x_wconf 79' lang='lat' dir='ltr'><strong>vitis</strong></span> <span class='ocrx_word' id='word_1_289' title='bbox 1068 3723 1269 3780; x_wconf 79' lang='lat' dir='ltr'><strong>radices</strong></span> <span class='ocrx_word' id='word_1_290' title='bbox 1302 3738 1413 3778; x_wconf 79' lang='lat' dir='ltr'><strong>sato</strong></span> <span class='ocrx_word' id='word_1_291' title='bbox 1433 3765 1448 3788; x_wconf 86' lang='lat'><em>,</em></span> 
     </span>
     <span class='ocr_line' id='line_1_42' title="bbox 436 3802 1451 3882; baseline -0.007 -19"><span class='ocrx_word' id='word_1_292' title='bbox 436 3811 549 3882; x_wconf 77' lang='lat' dir='ltr'><strong>ejus</strong></span> <span class='ocrx_word' id='word_1_293' title='bbox 586 3806 765 3859; x_wconf 70' lang='lat' dir='ltr'><strong>herbo</strong></span> <span class='ocrx_word' id='word_1_294' title='bbox 799 3821 1039 3874; x_wconf 75' lang='lat' dir='ltr'><strong>saporem</strong></span> <span class='ocrx_word' id='word_1_295' title='bbox 1078 3805 1239 3857; x_wconf 78' lang='lat' dir='ltr'><strong>refert</strong></span> <span class='ocrx_word' id='word_1_296' title='bbox 1274 3802 1331 3856; x_wconf 87' lang='lat' dir='ltr'><strong>id</strong></span> <span class='ocrx_word' id='word_1_297' title='bbox 1370 3803 1451 3856; x_wconf 82' lang='lat' dir='ltr'><strong>vi-</strong></span> 
     </span>
    </p>
   </div>
   <div class='ocr_carea' id='block_1_7' title="bbox 1541 2537 2570 3880">
    <p class='ocr_par' dir='ltr' id='par_1_16' title="bbox 1543 2537 2570 2990">
     <span class='ocr_line' id='line_1_43' title="bbox 1544 2537 2570 2609; baseline -0.003 -16"><span class='ocrx_word' id='word_1_298' title='bbox 1544 2539 1752 2605; x_wconf 82' lang='lat' dir='ltr'><strong>scribit‚</strong></span> <span class='ocrx_word' id='word_1_299' title='bbox 1783 2557 1966 2592; x_wconf 83' lang='lat' dir='ltr'><strong>verum</strong></span> <span class='ocrx_word' id='word_1_300' title='bbox 1993 2540 2107 2609; x_wconf 82' lang='lat' dir='ltr'><strong>ejus</strong></span> <span class='ocrx_word' id='word_1_301' title='bbox 2132 2537 2323 2590; x_wconf 80' lang='lat' dir='ltr'><strong>radicis</strong></span> <span class='ocrx_word' id='word_1_302' title='bbox 2349 2537 2570 2591; x_wconf 77' lang='lat' dir='ltr'><strong>fascicu-</strong></span> 
     </span>
     <span class='ocr_line' id='line_1_44' title="bbox 1545 2617 2566 2688; baseline 0 -17"><span class='ocrx_word' id='word_1_303' title='bbox 1545 2618 1624 2672; x_wconf 87' lang='lat' dir='ltr'><strong>los</strong></span> <span class='ocrx_word' id='word_1_304' title='bbox 1663 2631 1770 2671; x_wconf 86' lang='lat' dir='ltr'><strong>tres</strong></span> <span class='ocrx_word' id='word_1_305' title='bbox 1801 2619 1940 2672; x_wconf 78' lang='lat' dir='ltr'><strong>circs</strong></span> <span class='ocrx_word' id='word_1_306' title='bbox 1971 2617 2092 2672; x_wconf 75' lang='lat' dir='ltr'><strong>vitis</strong></span> <span class='ocrx_word' id='word_1_307' title='bbox 2120 2618 2442 2688; x_wconf 68' lang='lat' dir='ltr'><strong>ablaqueata</strong></span> <span class='ocrx_word' id='word_1_308' title='bbox 2478 2637 2566 2671; x_wconf 81' lang='lat' dir='ltr'><strong>rs-</strong></span> 
     </span>
     <span class='ocr_line' id='line_1_45' title="bbox 1547 2695 2568 2751; baseline 0 -1"><span class='ocrx_word' id='word_1_309' title='bbox 1547 2697 1716 2751; x_wconf 88' lang='lat' dir='ltr'><strong>dicem</strong></span> <span class='ocrx_word' id='word_1_310' title='bbox 1745 2695 2107 2751; x_wconf 78' lang='lat' dir='ltr'><strong>defodiendos.</strong></span> <span class='ocrx_word' id='word_1_311' title='bbox 2135 2695 2470 2750; x_wconf 80' lang='lat' dir='ltr'><strong>Dioscorides</strong></span> <span class='ocrx_word' id='word_1_312' title='bbox 2499 2715 2568 2750; x_wconf 84' lang='lat' dir='ltr'><strong>ex</strong></span> 
     </span>
     <span class='ocr_line' id='line_1_46' title="bbox 1545 2775 2568 2849; baseline 0 -19"><span class='ocrx_word' id='word_1_313' title='bbox 1545 2779 1738 2849; x_wconf 72' lang='lat' dir='ltr'><strong>plantae</strong></span> <span class='ocrx_word' id='word_1_314' title='bbox 1784 2775 2050 2830; x_wconf 81' lang='lat' dir='ltr'><strong>radicibus</strong></span> <span class='ocrx_word' id='word_1_315' title='bbox 2099 2789 2270 2829; x_wconf 83' lang='lat' dir='ltr'><strong>musto</strong></span> <span class='ocrx_word' id='word_1_316' title='bbox 2317 2776 2568 2830; x_wconf 81' lang='lat' dir='ltr'><strong>immissis</strong></span> 
     </span>
     <span class='ocr_line' id='line_1_47' title="bbox 1543 2855 2567 2927; baseline -0.003 -17"><span class='ocrx_word' id='word_1_317' title='bbox 1543 2857 1874 2910; x_wconf 81' lang='lat' dir='ltr'><strong>elleboritem</strong></span> <span class='ocrx_word' id='word_1_318' title='bbox 1929 2869 1982 2909; x_wconf 87' lang='lat' dir='ltr'><strong>et</strong></span> <span class='ocrx_word' id='word_1_319' title='bbox 2023 2855 2416 2921; x_wconf 47' lang='lat' dir='ltr'><strong>scammonkm</strong></span> <span class='ocrx_word' id='word_1_320' title='bbox 2471 2875 2567 2927; x_wconf 81' lang='lat' dir='ltr'><strong>pa·</strong></span> 
     </span>
     <span class='ocr_line' id='line_1_48' title="bbox 1545 2939 2274 2990; baseline 0 -2"><span class='ocrx_word' id='word_1_321' title='bbox 1545 2947 1646 2990; x_wconf 77' lang='lat' dir='ltr'><strong>rat.</strong></span> <span class='ocrx_word' id='word_1_322' title='bbox 1675 2939 1879 2990; x_wconf 58' lang='lat' dir='ltr'><strong>Datne.</strong></span> <span class='ocrx_word' id='word_1_323' title='bbox 2271 2983 2274 2988; x_wconf 95' lang='lat'>.</span> 
     </span>
    </p>

    <p class='ocr_par' dir='ltr' id='par_1_17' title="bbox 1541 3014 2564 3243">
     <span class='ocr_line' id='line_1_49' title="bbox 1625 3014 2564 3084; baseline 0.002 -18"><span class='ocrx_word' id='word_1_324' title='bbox 1625 3019 1718 3068; x_wconf 83' lang='lat'><strong>61.</strong></span> <span class='ocrx_word' id='word_1_325' title='bbox 1751 3015 1978 3084; x_wconf 75' lang='lat' dir='ltr'><strong>Saporem</strong></span> <span class='ocrx_word' id='word_1_326' title='bbox 2016 3015 2254 3078; x_wconf 68' lang='lat' dir='ltr'><strong>alienun,</strong></span> <span class='ocrx_word' id='word_1_327' title='bbox 2296 3025 2394 3066; x_wconf 84' lang='lat' dir='ltr'><strong>etc.</strong></span> <span class='ocrx_word' id='word_1_328' title='bbox 2440 3014 2564 3068; x_wconf 86' lang='lat' dir='ltr'><strong>Non</strong></span> 
     </span>
     <span class='ocr_line' id='line_1_50' title="bbox 1541 3093 2563 3166; baseline 0 -20"><span class='ocrx_word' id='word_1_329' title='bbox 1541 3112 1781 3166; x_wconf 79' lang='lat' dir='ltr'><strong>saporem</strong></span> <span class='ocrx_word' id='word_1_330' title='bbox 1821 3105 2056 3159; x_wconf 79' lang='lat' dir='ltr'><strong>tantum,</strong></span> <span class='ocrx_word' id='word_1_331' title='bbox 2087 3093 2180 3146; x_wconf 87' lang='lat' dir='ltr'><strong>sed</strong></span> <span class='ocrx_word' id='word_1_332' title='bbox 2210 3093 2366 3146; x_wconf 75' lang='lat' dir='ltr'><strong>etism</strong></span> <span class='ocrx_word' id='word_1_333' title='bbox 2407 3093 2563 3146; x_wconf 72' lang='lat' dir='ltr'><strong>vines.</strong></span> 
     </span>
     <span class='ocr_line' id='line_1_51' title="bbox 1544 3173 2432 3243; baseline 0 -17"><span class='ocrx_word' id='word_1_334' title='bbox 1544 3173 1720 3226; x_wconf 88' lang='lat' dir='ltr'><strong>Diosc.</strong></span> <span class='ocrx_word' id='word_1_335' title='bbox 1749 3173 1842 3226; x_wconf 82' lang='lat' dir='ltr'><strong>lib.</strong></span> <span class='ocrx_word' id='word_1_336' title='bbox 1866 3174 1938 3240; x_wconf 85' lang='lat' dir='ltr'><strong>V,</strong></span> <span class='ocrx_word' id='word_1_337' title='bbox 1965 3191 2080 3243; x_wconf 76' lang='lat' dir='ltr'><strong>cap.</strong></span> <span class='ocrx_word' id='word_1_338' title='bbox 2111 3191 2204 3243; x_wconf 89' lang='lat'><strong>77.</strong></span> <span class='ocrx_word' id='word_1_339' title='bbox 2234 3174 2432 3226; x_wconf 74' lang='lat' dir='ltr'><strong>Dsuc.</strong></span> 
     </span>
    </p>

    <p class='ocr_par' dir='ltr' id='par_1_18' title="bbox 1541 3251 2562 3482">
     <span class='ocr_line' id='line_1_52' title="bbox 1625 3251 2562 3322; baseline 0.001 -19"><span class='ocrx_word' id='word_1_340' title='bbox 1625 3255 1718 3307; x_wconf 76' lang='lat'><strong>62.</strong></span> <span class='ocrx_word' id='word_1_341' title='bbox 1737 3253 2036 3306; x_wconf 53' lang='lat' dir='ltr'><strong>Plaetorium.</strong></span> <span class='ocrx_word' id='word_1_342' title='bbox 2061 3253 2188 3305; x_wconf 64' lang='lat' dir='ltr'><strong>Hac</strong></span> <span class='ocrx_word' id='word_1_343' title='bbox 2205 3252 2360 3322; x_wconf 73' lang='lat' dir='ltr'><strong>plane</strong></span> <span class='ocrx_word' id='word_1_344' title='bbox 2377 3251 2562 3304; x_wconf 77' lang='lat' dir='ltr'><strong>iisdem</strong></span> 
     </span>
     <span class='ocr_line' id='line_1_53' title="bbox 1543 3331 2562 3400; baseline 0.001 -17"><span class='ocrx_word' id='word_1_345' title='bbox 1543 3331 1717 3384; x_wconf 77' lang='lat' dir='ltr'><strong>verbis</strong></span> <span class='ocrx_word' id='word_1_346' title='bbox 1743 3331 1917 3384; x_wconf 86' lang='lat' dir='ltr'><strong>Diosc.</strong></span> <span class='ocrx_word' id='word_1_347' title='bbox 1941 3331 2031 3384; x_wconf 85' lang='lat' dir='ltr'><strong>lib.</strong></span> <span class='ocrx_word' id='word_1_348' title='bbox 2057 3332 2127 3394; x_wconf 85' lang='lat' dir='ltr'><strong>V,</strong></span> <span class='ocrx_word' id='word_1_349' title='bbox 2149 3350 2198 3384; x_wconf 89' lang='lat' dir='ltr'><strong>c.</strong></span> <span class='ocrx_word' id='word_1_350' title='bbox 2227 3349 2300 3400; x_wconf 83' lang='lat'><strong>77</strong></span> <span class='ocrx_word' id='word_1_351' title='bbox 2325 3347 2339 3382; x_wconf 76' lang='grc' dir='ltr'><strong><em>ε</em></strong></span> <span class='ocrx_word' id='word_1_352' title='bbox 2363 3332 2562 3384; x_wconf 74' lang='grc' dir='ltr'><strong>Γίνεται</strong></span> 
     </span>
     <span class='ocr_line' id='line_1_54' title="bbox 1541 3405 2560 3482; baseline 0 -20"><span class='ocrx_word' id='word_1_353' title='bbox 1541 3405 1601 3462; x_wconf 68' lang='grc' dir='ltr'><strong>δὲ</strong></span> <span class='ocrx_word' id='word_1_354' title='bbox 1625 3410 1712 3464; x_wconf 71' lang='grc' dir='ltr'><strong>καὶ</strong></span> <span class='ocrx_word' id='word_1_355' title='bbox 1737 3411 1918 3482; x_wconf 70' lang='grc' dir='ltr'><strong>φθόριος</strong></span> <span class='ocrx_word' id='word_1_356' title='bbox 1941 3408 2158 3481; x_wconf 50' lang='lat' dir='ltr'><strong>&amp;sigeum</strong></span> <span class='ocrx_word' id='word_1_357' title='bbox 2185 3405 2336 3471; x_wconf 77' lang='grc' dir='ltr'><strong>οἶνος,</strong></span> <span class='ocrx_word' id='word_1_358' title='bbox 2362 3423 2462 3462; x_wconf 86' lang='lat' dir='ltr'><strong>etc.</strong></span> <span class='ocrx_word' id='word_1_359' title='bbox 2489 3410 2560 3463; x_wconf 80' lang='lat' dir='ltr'><strong>H.</strong></span> 
     </span>
    </p>

    <p class='ocr_par' dir='ltr' id='par_1_19' title="bbox 1541 3489 2564 3880">
     <span class='ocr_line' id='line_1_55' title="bbox 1623 3489 2564 3550; baseline 0 -8"><span class='ocrx_word' id='word_1_360' title='bbox 1623 3489 1716 3543; x_wconf 88' lang='grc'><strong>63.</strong></span> <span class='ocrx_word' id='word_1_361' title='bbox 1739 3491 1793 3542; x_wconf 82' lang='grc' dir='ltr'><em>Ε</em></span> <span class='ocrx_word' id='word_1_362' title='bbox 1809 3491 2070 3550; x_wconf 72' lang='grc' dir='ltr'><strong>εεωοΙιαᾰε,</strong></span> <span class='ocrx_word' id='word_1_363' title='bbox 2095 3503 2199 3543; x_wconf 86' lang='lat' dir='ltr'><strong>etc.</strong></span> <span class='ocrx_word' id='word_1_364' title='bbox 2223 3489 2424 3542; x_wconf 83' lang='lat' dir='ltr'><strong>Vinum</strong></span> <span class='ocrx_word' id='word_1_365' title='bbox 2445 3503 2564 3542; x_wconf 72' lang='grc' dir='ltr'><strong>σιω-</strong></span> 
     </span>
     <span class='ocr_line' id='line_1_56' title="bbox 1543 3563 2562 3639; baseline 0.007 -19"><span class='ocrx_word' id='word_1_366' title='bbox 1543 3567 1778 3622; x_wconf 79' lang='lat' dir='ltr'><strong>chadites</strong></span> <span class='ocrx_word' id='word_1_367' title='bbox 1797 3563 2044 3624; x_wconf 87' lang='lat' dir='ltr'><strong>Dioscor.</strong></span> <span class='ocrx_word' id='word_1_368' title='bbox 2063 3569 2158 3622; x_wconf 88' lang='lat' dir='ltr'><strong>lib.</strong></span> <span class='ocrx_word' id='word_1_369' title='bbox 2187 3570 2267 3627; x_wconf 62' lang='lat' dir='ltr'><strong>Vs</strong></span> <span class='ocrx_word' id='word_1_370' title='bbox 2299 3585 2415 3639; x_wconf 71' lang='grc' dir='ltr'><strong>αφ-</strong></span> <span class='ocrx_word' id='word_1_371' title='bbox 2453 3570 2562 3634; x_wconf 70' lang='lat'><strong>5²5</strong></span> 
     </span>
     <span class='ocr_line' id='line_1_57' title="bbox 1542 3647 2562 3720; baseline 0 -20"><span class='ocrx_word' id='word_1_372' title='bbox 1542 3648 1958 3720; x_wconf 73' lang='lat' dir='ltr'><strong>Tregoriganites</strong></span> <span class='ocrx_word' id='word_1_373' title='bbox 1975 3686 1993 3712; x_wconf 86' lang='lat'>‚</span> <span class='ocrx_word' id='word_1_374' title='bbox 2053 3667 2168 3719; x_wconf 79' lang='lat' dir='ltr'><strong>cap.</strong></span> <span class='ocrx_word' id='word_1_375' title='bbox 2215 3647 2282 3701; x_wconf 73' lang='lat'><strong>5⁵</strong></span> <span class='ocrx_word' id='word_1_376' title='bbox 2304 3667 2320 3713; x_wconf 88' lang='lat'>;</span> <span class='ocrx_word' id='word_1_377' title='bbox 2383 3648 2562 3700; x_wconf 71' lang='lat' dir='ltr'><strong>Dicte-</strong></span> 
     </span>
     <span class='ocr_line' id='line_1_58' title="bbox 1541 3727 2562 3800; baseline 0 -20"><span class='ocrx_word' id='word_1_378' title='bbox 1541 3727 1876 3800; x_wconf 79' lang='lat' dir='ltr'><strong>mnites,csp.</strong></span> <span class='ocrx_word' id='word_1_379' title='bbox 1897 3729 2004 3799; x_wconf 73' lang='lat'><strong>573</strong></span> <span class='ocrx_word' id='word_1_380' title='bbox 2029 3729 2256 3781; x_wconf 81' lang='lat' dir='ltr'><strong>Asarites</strong></span> <span class='ocrx_word' id='word_1_381' title='bbox 2271 3767 2286 3792; x_wconf 88' lang='lat'>,</span> <span class='ocrx_word' id='word_1_382' title='bbox 2317 3746 2430 3798; x_wconf 77' lang='lat' dir='ltr'><strong>cap.</strong></span> <span class='ocrx_word' id='word_1_383' title='bbox 2452 3729 2562 3790; x_wconf 72' lang='lat'><strong>683</strong></span> 
     </span>
     <span class='ocr_line' id='line_1_59' title="bbox 1541 3806 2564 3880; baseline -0.001 -22"><span class='ocrx_word' id='word_1_384' title='bbox 1541 3807 1816 3873; x_wconf 79' lang='lat' dir='ltr'><strong>Dancites,</strong></span> <span class='ocrx_word' id='word_1_385' title='bbox 1843 3826 1959 3880; x_wconf 74' lang='lat' dir='ltr'><strong>cup.</strong></span> <span class='ocrx_word' id='word_1_386' title='bbox 1993 3827 2096 3876; x_wconf 73' lang='lat'><strong>7⁰³</strong></span> <span class='ocrx_word' id='word_1_387' title='bbox 2131 3806 2564 3876; x_wconf 79' lang='lat' dir='ltr'><strong>Elelisphscites‚</strong></span> 
     </span>
    </p>
   </div>
   <div class='ocr_carea' id='block_1_8' title="bbox 434 3881 2564 4036">
    <p class='ocr_par' dir='ltr' id='par_1_20' title="bbox 434 3881 2564 4036">
     <span class='ocr_line' id='line_1_60' title="bbox 434 3881 2564 3958; baseline 0 -22"><span class='ocrx_word' id='word_1_388' title='bbox 434 3905 565 3942; x_wconf 77' lang='lat' dir='ltr'><strong>num</strong></span> <span class='ocrx_word' id='word_1_389' title='bbox 582 3925 598 3954; x_wconf 83' lang='lat'>‚</span> <span class='ocrx_word' id='word_1_390' title='bbox 621 3883 773 3956; x_wconf 86' lang='lat' dir='ltr'><strong>qnod</strong></span> <span class='ocrx_word' id='word_1_391' title='bbox 795 3901 857 3936; x_wconf 80' lang='lat' dir='ltr'><strong>ex</strong></span> <span class='ocrx_word' id='word_1_392' title='bbox 879 3898 939 3935; x_wconf 79' lang='lat' dir='ltr'><strong>ea</strong></span> <span class='ocrx_word' id='word_1_393' title='bbox 964 3881 1071 3935; x_wconf 79' lang='lat' dir='ltr'><strong>vite</strong></span> <span class='ocrx_word' id='word_1_394' title='bbox 1090 3883 1185 3936; x_wconf 83' lang='lat' dir='ltr'><strong>fit:</strong></span> <span class='ocrx_word' id='word_1_395' title='bbox 1210 3883 1452 3938; x_wconf 73' lang='lat' dir='ltr'><strong>trahente</strong></span> <span class='ocrx_word' id='word_1_396' title='bbox 1537 3905 1653 3957; x_wconf 79' lang='lat' dir='ltr'><strong>cap.</strong></span> <span class='ocrx_word' id='word_1_397' title='bbox 1685 3906 1750 3956; x_wconf 86' lang='lat'><strong>7¹</strong></span> <span class='ocrx_word' id='word_1_398' title='bbox 1773 3906 1789 3952; x_wconf 88' lang='lat'>;</span> <span class='ocrx_word' id='word_1_399' title='bbox 1819 3887 2114 3950; x_wconf 70' lang='lat' dir='ltr'><strong>Panacites,</strong></span> <span class='ocrx_word' id='word_1_400' title='bbox 2141 3905 2258 3958; x_wconf 72' lang='lat' dir='ltr'><strong>esp.</strong></span> <span class='ocrx_word' id='word_1_401' title='bbox 2285 3905 2390 3956; x_wconf 72' lang='lat'><strong>7²³</strong></span> <span class='ocrx_word' id='word_1_402' title='bbox 2423 3887 2564 3938; x_wconf 79' lang='lat' dir='ltr'><strong>Aco-</strong></span> 
     </span>
     <span class='ocr_line' id='line_1_61' title="bbox 438 3961 2562 4036; baseline 0 -18"><span class='ocrx_word' id='word_1_403' title='bbox 438 3967 493 4020; x_wconf 84' lang='lat' dir='ltr'><strong>in</strong></span> <span class='ocrx_word' id='word_1_404' title='bbox 521 3986 575 4021; x_wconf 87' lang='lat' dir='ltr'><strong>se</strong></span> <span class='ocrx_word' id='word_1_405' title='bbox 596 3967 703 4020; x_wconf 75' lang='lat' dir='ltr'><strong>vite</strong></span> <span class='ocrx_word' id='word_1_406' title='bbox 728 3979 967 4034; x_wconf 78' lang='lat' dir='ltr'><strong>saporem</strong></span> <span class='ocrx_word' id='word_1_407' title='bbox 994 3961 1241 4016; x_wconf 74' lang='lat' dir='ltr'><strong>alienum.</strong></span> <span class='ocrx_word' id='word_1_408' title='bbox 1268 3963 1448 4018; x_wconf 64' lang='lat' dir='ltr'><strong>Han.</strong></span> <span class='ocrx_word' id='word_1_409' title='bbox 1537 3966 1693 4032; x_wconf 87' lang='lat' dir='ltr'><strong>rites,</strong></span> <span class='ocrx_word' id='word_1_410' title='bbox 1717 3985 1831 4036; x_wconf 78' lang='lat' dir='ltr'><strong>cap.</strong></span> <span class='ocrx_word' id='word_1_411' title='bbox 1857 3969 1928 4036; x_wconf 82' lang='lat'><strong>73</strong></span> <span class='ocrx_word' id='word_1_412' title='bbox 1947 3984 1963 4030; x_wconf 77' lang='lat'>3</span> <span class='ocrx_word' id='word_1_413' title='bbox 1985 3966 2294 4036; x_wconf 57' lang='lat' dir='ltr'><strong>Com-sites,</strong></span> <span class='ocrx_word' id='word_1_414' title='bbox 2317 3982 2436 4035; x_wconf 79' lang='lat' dir='ltr'><strong>esp.</strong></span> <span class='ocrx_word' id='word_1_415' title='bbox 2461 3966 2562 4029; x_wconf 76' lang='lat'><strong>633</strong></span> 
     </span>
    </p>
   </div>
  </div>
 </body>
</html>
