2850 4684
1066 353 1391 421 LIBER
1445 355 1650 422 xlv.

2282 352 2430 426 365
2493 329 2496 334 ’

298 508 446 554 sese
496 481 1128 554 commendantium.
1172 481 1472 554 Gloriam
1521 485 1648 554 hac
1693 484 1936 554 virtute
1981 485 2206 556 Parthi
2251 511 2431 580 quae-

302 605 501 676 runt,
544 590 789 660 famam
824 588 999 684 apud
1030 591 1301 660 Graecos
1332 578 1770 660 Alcibiades²⁸
1799 591 2072 676 meruit,
2099 591 2278 684 apud
2307 617 2430 662 nos

299 719 677 791 cognomen
720 695 917 764 etiam
958 694 1299 766 Novellius
1338 699 1714 790 Torquatus
1757 695 2306 780 Mediolanensis,
2345 699 2430 766 ad

300 799 847 921 proconsulatum
878 825 1085 894 usque
1129 825 1166 869 e
1206 817 1492 896 praetura
1526 802 1894 872 honoribus
1931 803 2172 896 gestis,
2218 803 2430 872 tribus

302 909 561 1037 congiis
576 908 627 948 ²⁹
675 896 883 999 (unde
940 920 1007 976 et
1062 929 1436 1000 cognomen
1499 906 1592 976 illi
1651 894 1807 1000 fuit)
1861 910 2072 1001 epotis
2127 933 2262 977 uno
2308 911 2430 978 im-

301 999 532 1132 petu³⁰
542 1067 561 1101 ‚
606 1027 945 1107 spectante
982 1011 1283 1082 miraculi
1325 1013 1535 1108 gratia
1571 1013 1716 1083 Tib.
1757 1012 2038 1083 Claudio
2080 1015 2382 1133 principe
2405 1063 2424 1096 ‚

300 1122 373 1188 in
406 1133 673 1189 senecta
699 1119 837 1212 jam
878 1103 1146 1188 severo³
1154 1117 1412 1250 'atque
1441 1120 1636 1188 etiam
1661 1103 1872 1188 saevo³
1880 1117 2117 1190 'alias:
2147 1119 2307 1190 sed
2290 1145 2428 1215 ipsa
2501 1212 2508 1222 ι

295 1225 577 1319 juventa
616 1224 699 1293 ad
748 1249 1005 1294 merum
1054 1211 1363 1318 pronior³

297 1417 551 1488 gentihus
578 1417 857 1472 inolevisse
890 1435 1009 1472 eam
1047 1433 1323 1474 consuetu—

302 1495 487 1550 dinem
516 1497 774 1569 significat
798 1515 811 1550 ε
844 1516 975 1569 quas
1010 1498 1150 1552 inter
1177 1499 1324 1552 suere

304 1576 563 1648 Bithyni,
590 1589 651 1630 ut
674 1589 858 1630 auctor
883 1589 963 1631 est
998 1577 1325 1648 Phylarchus

302 1655 449 1726 apud
472 1657 671 1710 Athen.
690 1657 784 1710 lib.
811 1657 897 1720 11,
927 1675 985 1727 p.
1010 1658 1120 1722 58·
1146 1657 1325 1712 Maee-

304 1734 473 1788 dones
509 1753 721 1807 qnoque
760 1736 891 1806 ipsi,
938 1747 997 1788 ut
1028 1753 1094 1788 ex
1134 1734 1325 1790 eodem

308 1813 573 1868 Atheneo
595 1815 923 1887 colligimus,
946 1815 1042 1867 lib.
1068 1815 1149 1866 1v
1162 1835 1323 1886 ‚‚pag

312 1895 441 1948 128.
475 1893 627 1948 Vide
637 1912 755 1967 qun
772 1893 969 1951 dicturi
1014 1911 1195 1946 sumus
1227 1895 1325 1950 lib.

306 1973 529 2035 XXIII,
556 1992 678 2044 cap.
702 1973 793 2027 23.
824 1973 1007 2026 Hann-

388 2054 481 2106 28.
514 2053 810 2106 Alcibiades.
838 2052 995 2106 Hunc
1025 2052 1157 2108 meri
1194 2066 1326 2124 potu

300 2150 575 2202 superasse
587 2133 844 2198 Thraces,
858 2133 1076 2204 Satyrus
1086 2131 1327 2202 prodidit

302 2209 451 2282 apud
480 2212 686 2266 Athen.
730 2211 825 2265 lib.
858 2212 967 2266 XII
986 2250 1003 2275 ,
1032 2229 1154 2283 pag.
1192 2213 1324 2276 534.

304 2289 449 2344 Vide
474 2304 529 2344 et
552 2291 820 2345 Plutarch.
842 2290 1029 2362 Symp.
1065 2291 1215 2356 Quae.
1249 2308 1279 2361 7
1304 2329 1323 2357 ,

302 2387 425 2441 pag.
448 2389 479 2440 7
492 2389 575 2424 xo.
594 2372 771 2426 Hm.

388 2468 483 2518 ²9·
521 2450 696 2502 Tribus
736 2453 919 2518 congiis
932 2491 946 2512 ,
987 2461 1087 2502 etc-
1128 2449 1325 2504 Tribus

302 2529 511 2599 cong-iis
526 2565 543 2593 ‚
572 2527 628 2582 id
650 2542 727 2583 est
742 2567 761 2596 ,
788 2527 939 2582 libris
958 2527 1188 2599 triginta.
1214 2530 1325 2581 He-

302 2609 449 2660 mina
479 2607 672 2662 lilmun
700 2605 889 2680 pendit
907 2647 923 2672 ,
962 2607 1217 2660 sextarius
1252 2627 1280 2660 2
1300 2647 1317 2668 ,

302 2687 525 2758 magius
556 2707 623 2741 xo
639 2726 656 2751 ,
676 2706 805 2741 urna
834 2693 905 2749 40
920 2723 937 2750 ,
958 2686 1213 2756 amphora
1234 2689 1321 2751 80,

302 2767 487 2820 culeus
518 2767 823 2828 1600.Vel‚
860 2764 1069 2818 hemina
1110 2765 1319 2824 libram,

304 2845 563 2899 sextarius
616 2845 855 2900 heminas
878 2844 1009 2898 duas
1041 2882 1057 2909 ‚
1104 2843 1322 2914 congius

302 2925 563 2986 sextarios
606 2925 844 2996 quinque
861 2956 877 2983 ‚
936 2941 1071 2976 urna
1108 2924 1325 2993 congios

302 3017 559 3075 quatuor,
584 3004 839 3076 amphora
867 3021 1027 3056 urnas
1046 3001 1205 3063 duas,
1234 3022 1325 3056 cu-

304 3083 417 3136 leus
440 3084 723 3155 amphoras
744 3095 987 3154 quatuor.
1015 3080 1193 3136 Rhod.
1224 3081 1319 3135 lib.

300 3162 489 3215 XXIX
504 3201 523 3227 ‚
550 3181 667 3234 cap.
702 3181 749 3216 1.
774 3165 907 3216 Du..
929 3191 1007 3202 -·
1024 3161 1318 3232 Cognomaen.

302 3242 594 3312 Tricongii.
636 3243 716 3295 Itu
755 3241 1067 3296 Xenarchus
1102 3240 1321 3312 quidam

298 3321 541 3374 Rhodius
556 3322 629 3374 ob
646 3321 985 3374 hibeeitutem
996 3361 1013 3384 ,
1030 3321 1291 3391 Marti-virne
1302 3357 1320 3386 ,

300 3401 405 3454 hoc
428 3406 541 3466 est,
582 3406 779 3470 congia
799 3399 999 3470 pariter
1027 3414 1105 3454 est
1132 3418 1323 3470 cogno-

302 3479 529 3534 minatus
546 3517 563 3542 ,
590 3492 723 3534 teste
744 3479 1094 3549 Euphorione
1113 3479 1169 3530 in
1196 3478 1322 3532 Chi·

300 3559 427 3613 lind.
454 3557 599 3630 apud
620 3559 819 3612 Athen.
840 3559 935 3611 lib.
954 3559 1033 3622 X,
1054 3577 1173 3630 pag.
1192 3557 1320 3621 436.

302 3637 551 3692 Meminit
571 3651 625 3691 et
647 3637 886 3690 mulieris
924 3637 1195 3706 tricongioe
1220 3639 1323 3689 He·

301 3715 461 3788 dylus
522 3719 581 3770 in
648 3718 817 3788 epigr.
872 3717 1020 3788 apud
1074 3715 1323 3770 eumdem

308 3797 499 3850 Athen.
538 3796 635 3850 lib.
670 3797 785 3861 xl,
814 3813 933 3866 pag.
960 3797 1091 3861 488.
1122 3795 1192 3848 Η.

384 3877 473 3930 30.
510 3876 621 3930 Uno
652 3880 847 3946 impetu.
872 3867 1058 3946 Ᾱμ-υςί.
1082 3873 1169 3928 sic
1195 3873 1323 3926 Dio·

302 3955 879 4010 timumAtheniensem
890 3962 1029 4022 χῦνα
1050 3967 1325 4017 vocarunt,

1367 1212 1672 1294 ³fuerat.
1725 1227 1950 1319 anue
2006 1226 2426 1296 commenda-

1408 1419 1662 1492 quouiam
1690 1417 2040 1472 infundibulo
2075 1419 2159 1472 ori
2185 1420 2430 1490 apposito

1406 1499 1594 1552 vinum
1623 1499 1854 1552 affusum
1885 1515 2140 1569 perpetuo
2177 1499 2384 1554 biberet
2411 1517 2426 1554 ε

1408 1577 1482 1632 sic
1501 1578 1842 1632 Xenarchum
1863 1575 2128 1632 Rhodium
2149 1578 2430 1634 Metreten.

1410 1656 1690 1712 Aureliani
1735 1657 1946 1728 Phago,
1979 1676 2092 1710 uno
2122 1655 2209 1710 die
2235 1675 2426 1729 aprum

1409 1737 1674 1807 integrum
1721 1737 2030 1790 absumebat
2043 1773 2060 1799 ‚
2107 1754 2380 1790 vervecem
2409 1777 2428 1803 ,

1410 1816 1702 1886 porcellum
1714 1852 1731 1880 ‚
1751 1834 1912 1885 panes
1924 1828 2132 1869 centum
2148 1853 2164 1880 ,
2183 1815 2293 1868 vini
2309 1817 2362 1888 pl
2370 1835 2430 1870 us

1409 1912 1550 1948 orca.
1579 1893 1809 1965 Rhodig.
1841 1894 1936 1946 lib.
1973 1895 2190 1959 XXIX,
2223 1913 2340 1966 cap.
2378 1915 2427 1949 1.

1406 1971 1560 2026 Idem
1583 1985 1771 2026 auctor
1799 1974 1894 2036 lib,
1921 1971 2156 2044 ejusdem
2206 1992 2319 2045 cap.
2358 1994 2390 2045 7
2409 2013 2427 2042 ,

1408 2051 1746 2106 Heraclidem
1789 2053 1989 2122 Pycten
2029 2053 2428 2108 voracissimum

1410 2144 1468 2184 et
1487 2131 1882 2186 bibacissimum
1909 2143 2182 2186 memorat.
2209 2134 2346 2187 Du..

1493 2209 1526 2262 3
1539 2229 1586 2264 1.
1617 2211 1811 2264 Tiberio
1849 2211 2058 2266 Claudio
2081 2214 2298 2282 principe
2314 2250 2331 2279 ,
2375 2214 2428 2264 iu

1404 2301 1598 2342 umecta
1605 2293 1715 2358 jam
1738 2311 1914 2344 severo.
1935 2291 2292 2344 scribendum
2313 2291 2430 2363 opi·

1408 2387 1512 2422 nor
1527 2369 1716 2435 sobrio,
1743 2389 1854 2424 non
1895 2391 2052 2423 severo
2074 2391 2094 2424 .·
2111 2390 2234 2424 nam
2257 2371 2428 2443 sequi-

1411 2462 1500 2502 tur
1531 2467 1698 2504 mox:
1742 2475 1764 2498 ι
1799 2447 1904 2502 Sed
1945 2449 2060 2520 ipsa
2102 2452 2318 2520 juventa
2359 2447 2428 2504 ad

1408 2545 1615 2580 merum
1635 2528 1855 2598 pronior
1877 2529 2068 2581 fuerat.
2095 2554 2118 2575 a·
2147 2529 2329 2582 Verba
2346 2548 2430 2582 au-

1410 2617 1517 2658 tem
1536 2607 1626 2660 illa
1642 2645 1658 2669 ‚
1679 2628 1702 2650 ι
1723 2619 1878 2676 atque
1899 2606 2058 2658 etiam
2071 2607 2198 2658 alias
2209 2625 2372 2672 saevo‚
2399 2635 2420 2656 ι.

1406 2684 1676 2739 invectitia
1707 2703 1814 2736 esse
1841 2685 2102 2738 existimo.
2132 2686 2291 2738 Pxn.

1491 2763 1583 2818 32.
1602 2765 1764 2835 Atque
1781 2765 1926 2816 etiam
1948 2782 2092 2816 soevo.
2119 2763 2267 2816 MSS.
2293 2766 2423 2836 Reg.

1406 2839 1564 2896 Colb.
1619 2863 1804 2913 oequeoae
1840 2846 1984 2894 etiam
2019 2863 2160 2895 scevo-
2201 2843 2320 2898 Par.
2357 2866 2426 2896 oe-

1406 2941 1590 2993 quaeoo.
1621 2922 1799 2974 Hun-

1489 3001 1584 3062 33,
1615 3001 1709 3054 Ad
1729 3019 1902 3054 merum
1926 3004 2142 3072 pronior.
2185 3000 2330 3056 Suet.
2373 3003 2426 3056 in

1406 3081 1624 3134 Tiberio
1641 3119 1658 3144 ,
1705 3099 1820 3152 cap.
1850 3099 1967 3134 xm
1995 3098 2010 3132 ε
2071 3107 2093 3130 ι
2141 3081 2204 3134 In
2247 3085 2429 3138 cestris

1407 3160 1513 3212 tiro
1556 3160 1868 3216 etiamnum,
1923 3174 2144 3232 propter
2206 3163 2426 3215 nimiam

1405 3240 1520 3291 vini
1543 3239 1848 3293 aviditatem
1865 3278 1882 3305 ‚
1907 3259 2006 3311 pro
2028 3240 2247 3294 Tiberio
2273 3242 2427 3294 Bibe-

1404 3319 1516 3371 rius
1535 3357 1552 3382 ,
1593 3337 1696 3389 pro
1737 3318 1964 3374 Claudio
2015 3319 2230 3372 Cnidius
2260 3358 2276 3385 ,
2325 3341 2426 3392 pro

1404 3399 1620 3451 Nerone
1643 3399 1793 3452 Mero
1807 3399 2110 3453 vocabatur.
2134 3425 2154 3446 ι
2188 3401 2222 3452 J
2227 3415 2430 3454 uventoe

1403 3476 1748 3530 bibacitatem
1773 3478 1966 3542 simul,
1995 3491 2048 3530 et
2063 3477 2424 3532 crudelitatem

1408 3569 1658 3620 senecta,
1689 3555 1906 3628 quidam
1937 3576 2118 3610 versus
2141 3560 2429 3629 exprobra-

1409 3649 1566 3699 runt,
1605 3655 1738 3707 quos
1769 3635 2052 3690 Suetonius
2077 3639 2286 3702 recitat,
2311 3657 2428 3710 cap.

1410 3735 1504 3770 nx
1536 3733 1550 3768 :
1587 3741 1610 3763 ι
1645 3714 1870 3769 Fastidit
1907 3716 2126 3782 vinum,
2169 3717 2292 3788 quia
2319 3719 2428 3787 jam

1410 3797 1523 3849 sitit
1543 3795 1640 3848 iste
1661 3813 1908 3850 cruorem
1937 3814 1950 3846 τ
1976 3797 2112 3848 Tam
2131 3797 2266 3849 bibit
2283 3797 2430 3848 hunc

1410 3873 1596 3936 avide,
1633 3893 1796 3947 quam
1825 3875 1964 3928 bibit
1995 3887 2116 3928 ante
2141 3893 2366 3928 merum.
2397 3899 2419 3920 ι

1410 3955 1596 4008 Ham).
