2850 4684
491 382 634 453 282
679 378 704 392 ²

1001 386 1082 452 C.
1145 384 1489 454 PLINII
1544 384 1761 453 NAT.
1818 386 2077 454 HlsT.

486 528 682 607 atque
729 515 927 583 etiam
969 516 1040 583 in
1077 496 1330 585 delictis
1348 503 1400 555 ⁴⁹
1460 538 1722 609 poenam
1774 517 1980 610 ipsam
2024 504 2392 587 honorat⁵⁰.
2452 521 2613 591 Neo

487 645 622 689 non
675 606 943 689 vineae-⁵¹
1004 622 1571 715 oppugnationum
1618 620 1859 690 dedere
1906 622 2252 691 rationem.
2304 623 2479 693 Nam
2527 627 2609 694 in

489 724 1024 795 medicaminibus
1051 726 1216 795 adeo
1255 750 1567 821 magnum
1594 727 1894 797 obtinent
1920 726 2173 816 locum,
2200 742 2277 796 ut
2303 754 2423 822 per
2458 754 2607 800 sese

497 832 652 899 vino
683 832 827 926 ipso
863 832 1150 902 remedia
1193 833 1326 901 sint
1341 819 1412 901 ⁵².

591 938 711 1005 IV.
753 924 892 1028 (11.)
937 940 1196 1007 Genera
1233 938 1463 1007 vitium
1504 936 1815 1007 numero²
1861 938 2370 1033 comprehendi²
2406 964 2601 1071 posse

487 1065 660 1113 unus
703 1044 1096 1112 existimavit
1147 1046 1569 1114 Democritus
1588 1096 1609 1131 ‚
1668 1058 1907 1113 cuncta
1946 1044 2071 1113 sibi
2128 1046 2409 1115 Graeciae
2480 1070 2599 1117 co-

571 1224 665 1288 49.
691 1218 857 1291 Atque
893 1223 1035 1271 etiam
1069 1222 1119 1272 in
1147 1218 1334 1273 delictis
1358 1261 1375 1288 ,
1404 1234 1502 1275 etc.

491 1308 595 1350 etc.
621 1299 874 1367 Polybio,
905 1297 1106 1351 tribuni
1129 1300 1313 1353 Rufuli
1337 1301 1503 1372 leg-io-

489 1394 622 1430 num
644 1376 838 1430 delicta
853 1378 1191 1443 coercebant,
1203 1392 1266 1433 ut
1279 1381 1505 1433 auxilia-

490 1456 630 1509 rium
673 1456 944 1527 copiarum
985 1456 1201 1511 socium
1243 1457 1503 1528 praefecti.

493 1534 670 1587 Rhod.
684 1535 778 1588 lib.
801 1536 1044 1600 XXV,c.
1065 1555 1148 1588 aa.
1171 1538 1234 1589 In
1253 1537 1507 1608 castigan-

489 1611 572 1667 dis
593 1616 848 1668 militibus
875 1616 1208 1668 centuriones
1229 1617 1386 1669 vitem
1411 1616 1507 1668 ad·

491 1692 724 1747 hibuisse
735 1694 987 1747 traditum
1008 1712 1037 1746 a
1048 1694 1322 1760 Livio,lib.
1331 1696 1508 1761 LVII,

491 1783 544 1824 et
563 1792 590 1825 a
613 1773 770 1825 Floro
787 1812 802 1838 ,
821 1774 1264 1844 observatumque
1284 1774 1350 1826 ab
1371 1773 1509 1827 Afri-

491 1868 624 1902 cano
673 1851 921 1923 Scipione
952 1892 968 1917 ,
1022 1854 1116 1924 qui
1165 1853 1508 1905 Numantiam

491 1929 696 1983 evertit.
743 1931 916 2000 Hujus
964 1932 1210 2001 supplicii
1265 1932 1508 1984 meminit

491 2008 799 2065 Plutarchus
843 2010 900 2061 in
955 2010 1146 2063 Galba.
1195 2010 1512 2070 ‚Macrobius

493 2086 836 2139 centurialem
851 2089 1009 2141 vitem
1025 2089 1272 2159 appellat.
1291 2088 1509 2141 Martia·

491 2182 592 2217 nus
619 2166 676 2216 ff.
693 2164 761 2217 de
785 2184 844 2219 re
871 2166 1122 2229 militari,
1142 2192 1164 2213 ι
1179 2166 1234 2218 Si
1255 2166 1404 2219 miles
1428 2166 1507 2219 vi·

490 2255 595 2295 tem
621 2244 822 2308 tenuit,
849 2244 1088 2295 militiam
1115 2256 1284 2297 mutat
1313 2261 1330 2295 ε
1361 2244 1406 2296 ai
1442 2263 1506 2297 ex

489 2320 750 2379 industria
773 2322 955 2390 fregit,
979 2324 1058 2374 vel
1081 2340 1296 2375 manum
1320 2333 1507 2375 centu-

489 2400 630 2453 rioni
645 2402 840 2466 intulit,
859 2400 1030 2471 capite
1041 2402 1274 2473 punitur.
1287 2428 1310 2450 ι
1328 2400 1505 2456 Rhod.

491 2480 587 2533 lib.
615 2482 833 2546 XXVI,
868 2499 984 2551 cap.
1029 2482 1124 2533 ult.
1154 2480 1262 2547 Qui
1289 2481 1507 2552 castiga·

493 2570 580 2613 tur
613 2578 644 2612 a
672 2560 996 2614 centurione
1033 2560 1211 2622 miles,
1251 2560 1507 2631 Pompeio

491 2638 579 2691 sub
633 2643 824 2693 vineam
867 2642 1028 2709 jacere
1087 2639 1304 2695 dicitur.
1364 2638 1507 2693 Vide

493 2719 757 2772 pithoeum
780 2759 794 2783 ,
839 2720 931 2771 lib.
963 2720 1020 2784 1,
1043 2736 1160 2790 cap.
1191 2718 1281 2772 15.
1325 2718 1507 2790 Scipio

493 2800 807 2853 AEmilianns
821 2800 864 2852 οἱ
886 2816 1044 2869 quem
1069 2798 1292 2851 militem
1313 2796 1507 2868 depre-

492 2876 756 2931 hendisset
785 2878 842 2931 in
873 2878 1068 2931 delicto
1087 2914 1104 2944 ,
1129 2894 1407 2930 romanum
1432 2877 1509 2931 ci·

492 2974 610 3007 vem
629 2994 646 3019 ‚
685 2958 902 3027 vulgato
934 2957 1074 3010 inter
1105 2958 1296 3010 milites
1331 2974 1509 3009 exem·

493 3033 586 3103 plo
607 3074 622 3099 ,
667 3036 776 3087 vite
799 3074 816 3099 ,
859 3048 1138 3088 externum
1185 3054 1322 3088 vero
1372 3036 1513 3088 fuste

493 3112 742 3166 cedebat.
773 3112 926 3165 Alex.
943 3116 1010 3167 ab
1032 3116 1180 3167 Alex.
1207 3116 1300 3168 lib.
1322 3116 1374 3175 1,
1391 3132 1510 3185 cap.

497 3210 589 3243 aa.
629 3192 1034 3261 castigationum
1079 3210 1140 3245 ac
1177 3193 1511 3247 animadver-

495 3270 700 3321 sionum
731 3270 1039 3323 militarium
1077 3274 1416 3336 varietatem,
1460 3285 1513 3326 et

495 3350 791 3417 graviorem
839 3348 1200 3421 levioremque
1259 3350 1475 3403 modum
1494 3386 1512 3413 ,

493 3446 594 3497 pro
641 3446 794 3481 noxoe
829 3428 1195 3499 magnitudine
1229 3442 1282 3483 et
1321 3428 1512 3483 condi·

497 3505 660 3569 tione,
671 3505 796 3559 vide
809 3505 954 3578 apud
967 3506 1210 3560 eumdem
1226 3522 1513 3573 auctorem,

497 3584 590 3637 lib.
621 3586 704 3647 11,
737 3605 852 3656 cap.
903 3586 991 3640 13.
1015 3588 1256 3641 Juvenal.
1287 3588 1392 3640 Sat.
1423 3589 1459 3641 8
1491 3602 1507 3638 :

505 3688 526 3709 a
565 3662 832 3718 Nodosam
852 3666 1084 3737 posthac
1111 3666 1386 3737 frangebat
1397 3683 1513 3717 ver·

497 3742 600 3795 tice
618 3746 804 3807 vitem,
829 3746 885 3798 Si
907 3745 1078 3797 lentus
1101 3745 1250 3814 pigra
1273 3744 1511 3797 muniret

495 3834 658 3876 castra
707 3822 943 3877 dolabra.
979 3848 1002 3870 ι
1043 3822 1314 3876 Ger-ebant
1348 3822 1507 3874 vitem

495 3904 848 3957 centuriones.
891 3903 1026 3956 Vitis
1065 3920 1186 3955 eum
1203 3940 1218 3965 ‚
1259 3902 1345 3955 cui
1397 3915 1509 3956 erat

495 3982 668 4051 aquila
691 3984 965 4037 commissa
981 4023 997 4049 ,
1023 3981 1274 4053 paulatim
1295 3994 1348 4034 et
1361 3981 1505 4033 lente

1588 1218 1657 1275 ad
1672 1220 1938 1291 Primipili
1960 1219 2391 1274 centurionatum
2414 1219 2605 1292 perdu-

1588 1300 1755 1353 cebat.
1788 1300 1957 1353 Turn.
1999 1299 2091 1353 lib.
2126 1300 2313 1369 XXV,
2346 1316 2467 1371 cap.
2510 1305 2597 1354 26.

1588 1380 1789 1433 Dum.

1672 1458 1762 1513 50.
1810 1456 2008 1511 Poenan·
2062 1458 2282 1512 honorat.
2334 1456 2601 1524 Quoniam

1590 1537 1733 1591 cives
1774 1548 1977 1593 tantum
2015 1538 2221 1591 romani
2272 1536 2387 1590 vite
2441 1536 2603 1590 eede-

1591 1628 1777 1669 rentur
1790 1652 1805 1675 ‚
1826 1618 1905 1669 uti
1928 1634 1995 1668 ex
2016 1616 2169 1669 Livio
2192 1616 2443 1687 proxime
2456 1630 2605 1671 antea

1591 1693 1841 1749 diximus.
1860 1694 2039 1748 Ham).

1676 1776 1769 1828 51.
1798 1774 1903 1827 Nec
1932 1794 2028 1826 non
2046 1776 2224 1825 vineoe.
2250 1774 2429 1826 Vinea
2470 1772 2527 1827 in
2550 1791 2605 1827 re

1592 1853 1809 1907 militari
1822 1853 2063 1905 machina
2078 1853 2175 1905 suit
2192 1890 2211 1917 ‚
2228 1852 2475 1906 tabulatis
2502 1871 2607 1905 cra·

1594 1931 1805 1984 tibusve
1850 1942 2143 1995 constrata,
2192 1950 2313 2003 quai
2359 1932 2608 2003 subjectis

1591 2010 1781 2063 rotulis
1818 2009 2184 2080 impellebatur
2197 2048 2215 2075 ,
2262 2012 2415 2079 cnjus
2473 2021 2607 2064 tecto

1592 2088 1787 2140 muniti
1816 2088 2149 2154 obsidentes,
2192 2106 2469 2143 murorum
2495 2090 2610 2142 fun·

1593 2164 1839 2220 damenta
1852 2168 2187 2220 subruebant.
2208 2168 2417 2220 Dicitur
2438 2182 2607 2221 autem

1591 2246 1767 2305 vinea,
1804 2264 1834 2299 a
1871 2246 2215 2299 similitudine
2243 2247 2385 2299 illius
2411 2248 2611 2314 vinea,

1590 2341 1710 2395 qum
1736 2326 1907 2395 jugata
1938 2324 2161 2390 dicitur,
2198 2337 2253 2378 et
2302 2327 2360 2379 in
2411 2338 2607 2379 tectum

1592 2404 1873 2459 attollitur.
1902 2404 2079 2458 Han.

1674 2481 1703 2535 5
1716 2502 1765 2535 a.
1802 2482 1873 2535 Ut
1900 2502 1995 2554 per
2018 2502 2117 2535 sese
2138 2485 2257 2534 vino
2282 2485 2385 2555 ipso
2407 2484 2611 2535 media

1590 2564 1703 2614 sim.
1728 2561 1896 2631 Lego,
1934 2572 1989 2613 ut
2004 2581 2097 2632 per
2124 2580 2221 2614 sese
2242 2567 2365 2613 vina
2402 2566 2513 2632 ipsa
2542 2584 2609 2614 re·

1592 2640 1747 2693 media
1757 2645 1855 2692 slat
1869 2680 1885 2705 ,
1901 2659 1967 2693 ex
1980 2640 2161 2695 codice
2185 2640 2577 2693 Salmanticensi
2592 2660 2605 2693 ε

1591 2737 1713 2772 nam
1766 2720 1951 2772 vinnm
2002 2722 2194 2773 multos
2246 2720 2304 2771 in
2350 2718 2613 2773 medicina

1593 2816 1718 2851 usus
1746 2799 1941 2851 habere
1958 2838 1973 2865 ,
1999 2818 2081 2851 res
2098 2811 2221 2852 nota
2236 2810 2329 2851 est.
2356 2800 2518 2851 Pur.
2534 2829 2609 2841 -

1598 2878 1655 2927 V
1648 2882 1729 2930 ino
1754 2884 1873 2947 ipso.
1892 2879 1973 2930 Ita
2002 2877 2126 2930 libri
2152 2876 2311 2941 editi,
2334 2890 2387 2931 et
2410 2878 2543 2948 Reg.
2558 2898 2607 2931 a.

1594 2958 1699 3009 Vel
1726 2958 1853 3009 vino
1868 2972 2079 3029 quoque
2098 2958 2231 3027 ipso,
2254 2958 2427 3028 inquit
2441 2994 2460 3021 ,
2485 2958 2611 3009 vite·

1594 3049 1861 3106 prosunt:
1891 3054 2054 3107 qunm
2110 3038 2176 3088 ait
2228 3036 2359 3089 alias
2398 3034 2611 3088 tardum

1596 3114 1743 3169 dictu
1756 3148 1777 3177 ⁸
1794 3116 2105 3185 pluribusne
2122 3113 2176 3166 id
2196 3115 2369 3185 prosit
2383 3150 2403 3176 ,
2428 3132 2499 3167 an
2516 3134 2611 3166 no-

1596 3204 1739 3259 ceat,
1782 3207 1841 3246 nt
1864 3194 2073 3249 dicetur
2092 3194 2183 3247 lib.
2216 3194 2441 3255 xxm,
2494 3210 2609 3264 cap.

1606 3290 1695 3343 19.
1723 3274 1902 3326 Ham).

1676 3352 1776 3405 IV.
1822 3370 1843 3404 1
1856 3388 1870 3403 .
1926 3352 2121 3405 Genera
2174 3353 2349 3401 vitium
2393 3368 2609 3415 numero,

1598 3442 1697 3485 etc.
1728 3430 1869 3483 Vide
1912 3430 2190 3499 Theophr.
2227 3430 2363 3482 Hist.
2396 3430 2491 3481 lib.
2521 3430 2606 3492 11,

1596 3526 1713 3579 cap.
1740 3526 1810 3578 73
1846 3510 2107 3563 Columel.
2142 3508 2237 3560 lib.
2270 3509 2384 3572 111,
2410 3526 2525 3579 cap.
2558 3530 2609 3561 a.

1600 3588 1801 3641 Dante.

1676 3686 1727 3719 α.
1760 3666 1907 3718 Posse
1922 3706 1938 3731 ,
1966 3667 2023 3718 in
2040 3666 2111 3717 V.
2129 3662 2291 3717 deest.
2312 3665 2416 3718 En.

1678 3747 1731 3800 3.
1752 3744 2276 3798 Cunctase‘bi'Gr-aece'oe.
2293 3744 2419 3796 Non
2438 3756 2609 3798 tamen

1594 3825 1829 3894 gentium
1844 3824 1997 3877 simul
2012 3834 2306 3875 exterarum
2322 3860 2337 3888 ,
2364 3840 2497 3893 quas
2510 3822 2611 3876 Pli-

1596 3904 1713 3957 nins
1732 3904 2075 3955 nihilominus
2096 3902 2185 3954 hic
2206 3901 2361 3954 etiam
2384 3902 2612 3973 comple-

1596 3984 1771 4035 ctitur.
1806 3984 1950 4036 Cave
1979 3998 2071 4033 eos
2094 3979 2275 4035 audias
2318 3982 2413 4052 qui
2431 3994 2611 4036 contra
