2850 4684
472 312 574 421 44

1014 335 1090 403 C.
1142 332 1479 403 PLINII
1532 330 1738 399 NAT.
1794 331 2052 399 HIST.

469 468 854 538 altitudine:
883 467 1304 561 carpiturque
1347 468 1502 534 cum
1546 464 1799 548 radice,
1846 452 2330 558 manipulatim⁴
2368 463 2609 534 leniter

469 639 740 676 amomum
757 654 774 681 ‚
810 618 901 673 sed
949 620 1088 673 forte
1132 638 1202 673 ex
1241 619 1490 690 imagina-

471 701 617 754 tione
631 742 646 767 ,
671 719 789 773 quae
811 700 1064 771 atriplicis
1087 700 1266 773 potius
1289 698 1493 771 species

471 792 566 835 est.
594 780 835 835 Tandem
866 780 1184 833 Pluknetius
1215 774 1489 842 (Mantiss.

470 860 638 932 plant.
668 857 767 931 ²7)
799 860 1131 913 arbusculam
1171 859 1492 913 bacciferam

469 940 974 1012 circumplicatilem.
1001 940 1110 991 huc
1147 938 1340 1002 trabit,
1373 957 1493 1010 quo

471 1019 650 1074 Cissus
697 1032 775 1073 est
813 1019 1083 1090 vitiginea.
1133 1018 1265 1071 Eam
1309 1030 1487 1071 autem

467 1116 658 1153 verum
715 1100 898 1154 sistere
941 1116 1213 1151 amomum
1231 1138 1248 1163 ,
1294 1099 1492 1151 Arabes

469 1192 744 1233 secuturus
763 1176 958 1233 deinde
975 1178 1492 1250 evincam--Supra

465 1262 576 1330 jam
588 1260 855 1332 probabili
869 1259 1172 1327 conjectura
1182 1272 1492 1329 assequutus

469 1358 616 1403 sum,
647 1356 919 1391 amomum
945 1337 1204 1391 Veterum
1243 1338 1352 1391 huc
1375 1328 1492 1405 (ad

471 1418 686 1472 Cissum
709 1412 1050 1489 vitigineum)
1093 1416 1378 1490 pertinere.
1421 1415 1491 1471 Id

471 1515 603 1551 vero
629 1515 776 1550 nunc
798 1497 866 1551 ad
896 1495 1232 1553 certitudinis
1259 1497 1492 1568 speciem

470 1575 754 1649 qnamdam
795 1574 1130 1631 evehendum
1179 1589 1287 1641 est,
1322 1594 1495 1648 quum

470 1657 670 1709 Arabes
695 1656 917 1710 uberius
941 1674 1098 1710 suum
1123 1656 1369 1710 hamama
1398 1655 1494 1709 de·

470 1736 730 1801 scribant,
754 1754 916 1808 quam
941 1737 1120 1790 Graeci
1145 1737 1370 1807 ἄμωμον.
1399 1738 1495 1789 In·

470 1816 665 1886 cipiam
686 1828 862 1869 autem
883 1818 1228 1872 abAvicenna
1247 1816 1346 1888 qui
1365 1834 1491 1889 pag.

480 1894 612 1965 173,
635 1895 880 1949 fruticem
901 1898 1160 1965 nominat,
1181 1896 1306 1951 vitis
1329 1894 1495 1949 modo

475 1974 755 2029 arboribus
803 1976 1267 2049 circumplicatum
1289 2014 1307 2043 ,
1355 1975 1498 2031 foliis

474 2052 716 2125 bryonia!
733 2094 750 2119 ,
798 2054 1020 2109 floribus
1063 2056 1362 2109 cheiranthi
1403 2073 1495 2108 oo-

473 2133 620 2200 lore,
665 2134 811 2205 ligno
835 2134 1085 2201 odorato,
1109 2135 1490 2207 hyacinthino.

477 2212 757 2285 Optimam
783 2215 1014 2286 speeiem
1035 2232 1146 2267 esse
1160 2252 1177 2281 ,
1208 2233 1326 2287 qua
1347 2215 1495 2269 fulvo

475 2294 657 2347 colore
694 2294 795 2360 sit,
845 2312 876 2347 e
925 2295 1198 2348 montibus
1227 2295 1493 2348 Armeniae

473 2374 677 2441 veniat,
701 2386 862 2445 atque
888 2372 1054 2428 odore
1079 2368 1227 2427 suavi
1257 2374 1455 2445 polleat
1477 2392 1492 2427 :

474 2454 716 2523 pejorem
754 2452 980 2507 viridem
997 2492 1014 2519 ,
1048 2453 1216 2509 odore
1248 2466 1462 2507 rutaceo
1478 2490 1497 2519 ,

476 2549 507 2583 e
526 2531 659 2586 locis
679 2531 918 2587 humidis
941 2534 1360 2605 provenientem.
1396 2532 1495 2587 His

475 2608 628 2665 addit
664 2614 939 2666 Honaiuus
968 2612 1112 2685 apud
1151 2612 1335 2685 Serap.
1376 2632 1495 2686 cap.

473 2710 716 2755 ccxxxix,
731 2692 942 2764 ingredi
951 2706 1004 2747 et
1015 2694 1241 2766 lignum,
1249 2706 1303 2747 et
1309 2694 1498 2747 baccas

474 2771 860 2827 medicamenta
879 2772 1165 2839 odorifera,
1189 2786 1344 2844 atque
1361 2770 1497 2827 adeo

475 2850 759 2906 inebriare.
789 2853 1076 2906 Rubellum
1104 2864 1279 2905 autem
1309 2850 1500 2904 florem

475 2928 677 2983 indicat
705 2930 935 2986 Davides
968 2931 1216 2984 Antioch.
1239 2950 1326 3003 ap.
1351 2928 1498 3002 Hyd.

479 3006 548 3061 ad
564 3009 733 3062 Periz.
751 3030 807 3083 p.
831 3011 956 3076 103,
974 3011 1189 3082 aliique,
1204 3028 1338 3082 quos
1354 3009 1499 3063 idem

477 3088 604 3141 eitat
626 3123 645 3152 ,
688 3108 862 3143 acrem
889 3128 906 3155 ,
947 3090 1290 3144 aromaticum
1343 3107 1501 3161 sapo-

477 3184 593 3220 rem
617 3169 901 3223 baccarum
937 3168 1244 3242 praedicant.
1277 3171 1501 3225 Summa

480 3248 724 3301 confusio
762 3261 879 3302 orta
926 3249 1029 3302 fuit
1063 3249 1242 3303 medio
1283 3269 1398 3303 aevo
1435 3268 1499 3304 ex

480 3326 687 3380 incuria
709 3328 842 3399 ejus,
867 3330 960 3401 qui
974 3328 1314 3401 Serapionem
1329 3331 1496 3383 inter·

482 3418 720 3477 pretatus
743 3420 873 3462 erat.
903 3408 1082 3462 Vertit
1105 3410 1249 3462 enim
1273 3412 1497 3463 Ιιαηιαηια

479 3484 674 3555 pedem
695 3486 1080 3553 columbinum,
1097 3486 1244 3541 unde
1259 3490 1499 3561 seplasia·

480 3565 547 3617 rii
581 3565 692 3619 fere
712 3586 896 3620 omnes
914 3566 1497 3622 Geranium'columbi-

480 3657 734 3711 num,aut
761 3646 938 3713 molle,
960 3666 1059 3719 pro
1081 3666 1146 3701 eo
1171 3648 1493 3705 habuerunt.

482 3723 614 3779 Fere
626 3726 831 3798 primus
851 3726 1098 3780 refutavit
1111 3744 1234 3780 eum
1253 3746 1495 3782 errorem

478 3804 746 3867 Ruelliana,
791 3806 913 3861 Nat.
947 3807 1111 3879 Stirp.
1135 3807 1194 3873 1,
1235 3808 1363 3862 232.
1394 3807 1493 3863 His

475 3884 724 3940 omnibus
737 3886 839 3939 rite
852 3887 1144 3959 perpensis,
1155 3888 1497 3959 Anguillarae·

473 3982 580 4033 que
603 3985 759 4039 supra
784 3968 904 4023 loco
927 3968 1016 4022 cit.
1046 3980 1316 4039 assumpto
1332 4002 1349 4035 ‚
1376 3986 1491 4024 uon

1577 638 1794 690 possum
1809 618 1942 690 quin
1952 617 2081 671 huic
2094 617 2289 689 speciei
2298 618 2609 691 adjudieem

1576 697 1839 771 quidquid
1881 699 2081 752 Arabes
2124 696 2193 750 de
2236 716 2331 752 suo
2376 700 2614 753 hamarum

1576 778 1986 851 perhibuerunt.
2001 778 2153 831 Folia
2182 778 2325 829 enim
2354 778 2613 834 cordato-

1578 857 1909 912 subrotunda
1922 897 1939 924 ,
1961 858 2139 911 lobata
2154 894 2171 921 ,
2208 857 2463 930 utrinque
2494 859 2611 912 vil·

1576 939 1717 1005 losa,
1743 956 1949 1010 semper
1980 938 2155 1000 fulva,
2195 935 2353 991 flores
2380 938 2615 1009 pallidi,

1576 1019 1753 1073 baccae
1799 1018 1910 1071 acri
1951 1029 2185 1070 aromate
2236 1032 2613 1089 praegnantes,

1578 1099 1973 1152 carulescentes
1987 1137 2002 1163 ,
2030 1097 2235 1168 lignum
2280 1096 2569 1150 odoratum
2590 1136 2612 1163 ,

1578 1178 1911 1243 subrubeus,
1950 1177 2009 1230 in
2041 1177 2141 1230 hac
2184 1176 2363 1248 planta
2404 1196 2617 1231 eonve-

1576 1258 1751 1311 niunt.
1779 1256 2131 1323 Rauwolfius,
2160 1270 2279 1329 pag:
2316 1258 2424 1310 128
2442 1296 2459 1320 ,
2484 1260 2612 1331 ipse

1580 1356 1645 1391 ex
1667 1337 1917 1391 Armenia
1940 1347 2229 1408 acceperat.
2264 1336 2481 1389 Primus
2505 1337 2615 1391 de-

1577 1418 1795 1470 lineavit
1808 1418 2145 1479 Plulmetius‚
2156 1416 2393 1470 Mantiss.
2413 1432 2452 1470 t.
2468 1417 2503 1470 3
2514 1424 2617 1488 37,

1578 1496 1667 1567 fig.
1710 1502 1741 1561 4
1768 1515 1785 1563 ς
1826 1496 2044 1550 uberius
2086 1495 2479 1568 descripserunt
2500 1498 2615 1550 La-

1578 1577 1841 1640 markius,
1857 1577 2057 1646 Encyc.
2072 1577 2121 1643 1,
2136 1578 2233 1641 503
2252 1587 2305 1629 et
2318 1576 2609 1641 Walhius,

1580 1657 1767 1727 Symb.
1780 1656 1891 1719 IH,
1916 1658 2006 1709 18.
2022 1657 2264 1709 Srnnuo.
2282 1686 2365 1700 —-
2383 1656 2618 1709 Amonu’s

1579 1749 1672 1789 aut
1712 1734 1903 1790 eadem
1950 1733 2164 1789 videtur
2213 1752 2337 1788 cum
2384 1753 2615 1788 amomo

1580 1815 1799 1887 species,
1829 1833 1948 1888 qua
1971 1815 2215 1869 nondum
2242 1827 2610 1879 maturuerat,

1582 1908 1672 1949 aut
1700 1908 1841 1949 certe
1868 1896 1921 1948 ei
1958 1894 2202 1963 affinior,
2242 1906 2301 1947 ut
2334 1912 2399 1947 ex
2425 1895 2617 1949 verbis

1580 1975 1745 2028 Plinii
1770 1988 1934 2047 patet.
1957 1976 2063 2029 En.

1596 2090 1601 2097 -
1667 2074 1720 2108 a.
1756 2056 1819 2109 In
1842 2074 1948 2109 usu.
1977 2056 2045 2107 In
2070 2052 2459 2127 compositione
2484 2053 2615 2107 the·

1584 2136 1760 2188 riacae.
1814 2133 2003 2189 Galen.
2058 2135 2273 2189 Pharm.
2328 2152 2447 2204 cap.
2510 2153 2609 2186 xx.

1582 2214 1766 2269 Hann-
1791 2247 1874 2259 --
1890 2211 2006 2269 Vite
2017 2215 2255 2268 labrusca.
2278 2214 2613 2266 postremam

1580 2312 1769 2349 vocem
1796 2295 2055 2365 glossema
2086 2312 2195 2348 esse
2220 2293 2463 2348 censebat
2482 2312 2613 2347 eru-

1584 2373 1725 2437 ditus
1750 2375 2015 2429 Petavius.
2042 2375 2210 2428 Bnor.

1667 2455 1698 2507 3
1708 2493 1721 2507 .
1740 2454 1937 2507 Frutice
1950 2466 2205 2527 myrtum-o.
2224 2452 2459 2523 Scaliger
2474 2454 2611 2524 legit

1572 2535 1755 2602 fmtabe
1811 2534 2043 2605 ηυγ-τεοῖο
2084 2553 2098 2586 z
2152 2550 2345 2605 nempe
2406 2532 2608 2587 coloris

1584 2613 1813 2687 myrtei,
1850 2612 1909 2667 id
1952 2625 2064 2679 est,
2101 2613 2239 2666 inter
2283 2612 2500 2682 nigrum
2549 2628 2621 2669 et·

1584 2692 1782 2747 flavum
1802 2690 1996 2758 medii,
2038 2704 2099 2745 ut
2128 2692 2230 2744 hac
2250 2692 2605 2763 appellatione

1584 2770 1643 2825 id
1667 2790 1765 2826 nos
1790 2772 2170 2843 intelligamus,
2208 2769 2355 2843 quod
2380 2773 2607 2825 Diosco-

1582 2852 1726 2905 rides
1782 2850 1921 2904 dixit
1957 2850 2227 2921 ὒπόκιρῥον.
2274 2854 2477 2906 Duae.
2518 2882 2605 2893 —

1588 2932 1857 3005 Myr-moso.
1904 2930 2071 2983 Simili
2130 2945 2325 3004 myrto.
2382 2932 2607 2985 Sincera

1586 3013 1699 3065 haic
1723 3011 1881 3066 lectio
1916 3022 1996 3064 est
2037 3010 2301 3066 librorum
2328 3012 2603 3079 omnium,

1586 3106 1705 3146 tum
1750 3091 1903 3145 MSS.
1950 3102 2061 3145 tum
2088 3092 2245 3145 etiam
2285 3089 2559 3145 editorum
2582 3109 2599 3143 :

1586 3190 1747 3244 quam
1798 3170 1927 3224 dum
1978 3171 2275 3225 convellere
2318 3169 2603 3224 Salmasius

1584 3251 1790 3318 nititur,
1832 3252 1887 3304 in
1934 3250 2101 3304 Solin.
2142 3270 2261 3323 pag.
2314 3252 2490 3319 1069,
2536 3260 2601 3303 ut

1572 3335 1757 3400 frutice
1796 3331 2019 3384 botruo-eo
2050 3330 2212 3403 legat,
2248 3342 2299 3383 et
2328 3330 2394 3382 ab
2422 3348 2599 3386 exem·-

1582 3410 1813 3485 plarium
1852 3410 1961 3464 fide
2007 3424 2204 3464 temere
2240 3408 2498 3476 discedit,
2545 3421 2601 3462 et

1583 3510 1768 3545 vocem
1797 3491 1999 3545 invehit
2028 3491 2085 3545 in
2113 3490 2457 3555 latinitatem,
2484 3507 2596 3542 non

1582 3569 1747 3625 modo
1762 3570 1924 3624 Plinii
1944 3572 2067 3624 stilo
2096 3572 2350 3635 alienam,
2374 3568 2465 3622 sed
2496 3588 2595 3622 ca-

1583 3650 1735 3716 teris,
1755 3668 1889 3723 quos
1912 3650 2132 3721 quidem
2164 3650 2296 3721 legi,
2328 3648 2596 3720 scriptori·

1580 3732 1681 3784 bus
1738 3731 2060 3803 incognitam
2079 3770 2095 3795 ,
2165 3744 2359 3802 praeter
2424 3746 2592 3781 unum

1580 3809 1871 3882 Apuleium
1889 3848 1908 3876 ‚
1955 3810 2227 3864 hominem
2254 3810 2588 3873 Africanum,

1580 3910 1696 3963 cap.
1740 3894 1814 3945 66
1833 3927 1850 3956 ,
1879 3890 1934 3943 in
1958 3888 2315 3961 descriptione
2335 3889 2589 3959 bryonia.

1579 3971 1825 4042 Denique
1864 3970 2183 4041 ταοτολογίαν
2220 3969 2395 4023 Plinio
2424 3967 2590 4039 peni-
