2850 4684
1054 358 1376 427 LIBER
1423 357 1609 427 XII.

2297 355 2383 431 55

217 490 330 559 cui
371 487 566 557 nulla
603 487 986 618 praefertur.
1025 488 1132 557 Ab
1168 488 1300 559 hac
1329 490 1571 571 sativa.
1612 503 1681 559 et
1706 491 1777 558 in
1810 489 2089 561 silvestri
2118 516 2382 587 quoque

219 595 468 665 melior
495 578 799 664 aestiva&
825 593 984 663 Non
1003 594 1166 663 dant
1189 620 1278 665 ex
1306 597 1577 691 myrrha
1606 597 1945 691 portiones
1981 600 2130 667 Deo
2150 624 2378 693 ,quo-

217 704 406 771 niam
457 716 532 771 et
589 701 775 796 apud
827 699 992 771 alios
1029 704 1345 772 nascitur.
1411 704 1582 797 Regi
1634 718 1859 773 tamen
1904 702 2379 775 Gehanitarum

215 823 508 903 quartas
531 822 764 903 partes
792 807 934 901 ejus
962 808 1284 903 pendunt.
1321 812 1845 939 Caeteropassim
1872 834 1913 877 a
1940 808 2142 904 vulgo
2172 836 2383 880 eoem-

217 930 416 1009 ptam
447 917 522 983 in
545 914 742 983 folles
765 914 1210 1001 conferciunt,
1238 918 1580 1010 nostrique
1631 916 2054 1010 unguentarii
2075 916 2383 1011 digerunt

219 1020 414 1089 haud
451 1020 827 1091 difficulter
855 1020 1079 1090 odoris
1105 1036 1305 1116 atque
1340 1021 1757 1117 pinguedinis
1786 1024 2211 1117 argumentis.

327 1122 540 1213 (xvt.
555 1118 585 1216 )
639 1129 910 1196 Genera
960 1125 1306 1222 complura
1327 1128 1350 1167 ⁷
1399 1153 1414 1195 :

1480 1126 1947 1223 'l'roglodytica
1988 1126 2380 1197 silvestrium
2420 1161 2447 1193 2

225 1220 516 1326 prima&
547 1236 852 1329 Sequens
879 1234 1160 1314 Minaea,
1190 1236 1260 1302 in
1287 1258 1419 1328 qua
1450 1247 1519 1303 et
1534 1236 1923 1303 Atramitica
1947 1248 2079 1322 est,
2106 1249 2175 1303 et
2186 1236 2385 1305 Ausa·

227 1342 374 1409 ritis
415 1340 912 1411 Gebanitarum
949 1364 1178 1436 regno.
1207 1342 1266 1409 '1
1267 1342 1433 1409 ertia
1466 1338 1805 1410 Dianitis&
1840 1339 2151 1431 Quarta¹
2158 1340 2384 1412 ‘'oolla-

233 1525 456 1589 arbore3
479 1523 782 1577 etrecentis
801 1522 1033 1593 myrrho
1049 1523 1271 1595 pingue·

235 1602 422 1656 dinem
441 1644 458 1668 ‚
522 1620 646 1675 quae
691 1622 792 1674 per
839 1622 896 1656 se
941 1616 1272 1673 unguentum

235 1684 394 1737 beist
417 1684 543 1736 sine
565 1682 712 1736 oleo.
760 1682 948 1735 Priore
973 1682 1274 1755 significatu

237 1782 266 1813 a
281 1763 462 1817 Plinio
477 1760 650 1815 modo
660 1763 772 1814 acci
778 1764 941 1833 pitur3
959 1764 1272 1835 posteriore,

241 1844 335 1895 lib.
357 1843 540 1907 1111,
577 1860 628 1895 c.
659 1858 728 1905 ας
753 1854 806 1894 et
836 1862 867 1896 a
886 1843 1062 1897 Diosc.
1095 1842 1192 1895 lib.
1216 1843 1274 1909 1,

237 1940 286 1974 e.
313 1924 385 1989 73
425 1934 484 1973 et
515 1940 612 1993 77.
635 1922 721 1973 Ab
743 1922 1002 1975 Athenoeo
1025 1938 1272 1993 qnoque,

239 2004 332 2055 tib.
381 2002 514 2065 XV,
559 2018 684 2073 pag.
749 2002 884 2055 688.
945 2000 1190 2073 Denique
1240 2020 1274 2055 a

237 2080 638 2153 Theophr.loc.
659 2080 751 2133 cit.
783 2081 877 2134 ubi
903 2088 1092 2140 ςακτὴν
1123 2099 1272 2154 myr-

239 2162 392 2215 rham
433 2178 654 2213 omnem
679 2174 862 2223 vocat,
901 2179 1021 2232 quae
1052 2158 1178 2213 fluit
1207 2178 1271 2213 ex

239 2243 468 2305 arbore,
513 2254 580 2293 ut
617 2239 974 2311 distinguatur
999 2258 1036 2293 a
1071 2246 1271 2311 πλαςῇ,

237 2342 354 2393 qun
371 2322 432 2375 in
449 2320 692 2393 pastillos
712 2320 1090 2373 conformatur.
1107 2320 1272 2373 Plinii

239 2402 564 2460 sententiam
591 2398 660 2453 de
687 2412 848 2453 stacte
873 2418 990 2471 quae
1025 2418 1088 2451 ex
1123 2401 1273 2453 arbo·

241 2482 388 2535 ribus
428 2493 623 2551 sponte
683 2492 888 2543 manet,
931 2480 1094 2531 secuti
1151 2491 1276 2533 sunt

241 2560 611 2618 Mercurialis.
647 2558 910 2629 Antiquit.
943 2558 1070 2611 lect.
1097 2556 1195 2610 lib.
1218 2560 1271 2611 V

241 2662 288 2695 c.
323 2648 421 2705 ²4·
443 2641 650 2711 aliique
672 2656 812 2710 quos
823 2638 948 2693 citst
964 2650 1018 2691 et
1035 2638 1273 2711 sequitur

245 2721 302 2775 P.
313 2720 557 2781 Servius,
581 2718 674 2771 lib.
697 2717 767 2769 de
789 2716 1082 2781 odoribus,
1099 2736 1154 2789 p.
1177 2718 1272 2787 57,

249 2801 337 2853 ubi
369 2820 486 2853 eam
515 2796 828 2852 sententiam
853 2798 1058 2871 egregie
1073 2808 1271 2851 tuetur.

245 2880 290 2933 E
325 2878 706 2935 vetustioribus
729 2875 1012 2930 subscribit
1033 2876 1270 2941 Solinus,

250 2978 360 3031 oep.
409 2977 590 3013 xxxnx
651 2976 665 3010 :
715 2982 738 3004 ι
771 2955 972 3027 Sponte
1017 2974 1268 3017 manans,

253 3040 454 3111 inquit,
477 3036 768 3111 pretiosior
796 3054 860 3087 ex
887 3054 950 3089 ea
976 3033 1142 3089 sudor
1160 3048 1270 3089 est:

255 3119 454 3173 elicitus
489 3118 710 3173 corticis
747 3115 969 3171 vulnere
1001 3115 1160 3168 vilior
1185 3118 1272 3184 ju·

257 3198 468 3253 dicatur.
481 3224 504 3245 ι
517 3202 594 3252 Ac
615 3198 661 3250 si
683 3208 866 3267 poetas
883 3195 1003 3247 lieet
1029 3194 1084 3247 in
1101 3208 1276 3267 partes

261 3278 536 3343 advocare,
581 3273 746 3329 Ovid.
785 3276 914 3327 Met.
960 3276 1038 3331 X.
1085 3276 1190 3329 500
1221 3289 1273 3329 et

263 3378 392 3431 seqq.
420 3359 514 3411 ubi
541 3354 785 3427 Myrrhae
807 3354 998 3427 puellm
1027 3356 1086 3407 in
1115 3356 1274 3408 arbo·-

265 3459 362 3491 rem
405 3438 666 3492 describit
715 3434 1230 3489 transformationem
1257 3452 1272 3487 ε

271 3518 482 3591 ιιφὶᾶιιι
519 3526 746 3571 manant
772 3532 838 3567 ex
873 3516 1060 3567 arbore
1097 3526 1276 3587 gutta.

267 3600 344 3653 Est
363 3602 532 3653 bonor
560 3611 618 3651 et
643 3594 898 3665 lacrymis
927 3612 942 3647 :
979 3594 1276 3667 stillataque

265 3682 436 3735 cortice
467 3677 704 3751 myrrha
747 3676 958 3727 Nomen
1006 3674 1172 3727 herile
1205 3686 1278 3729 te·

261 3774 356 3829 net,
381 3762 648 3831 nulloque
679 3754 942 3809 tacebitur
983 3773 1117 3808 aevo.
1145 3780 1167 3802 ι
1201 3754 1277 3807 Η.

259 3876 326 3889 --
344 3840 524 3898 chiffl.
555 3846 722 3891 stacte
739 3836 888 3888 dicta.
910 3836 1014 3887 En.

323 3928 368 3981 5,
389 3924 586 3977 Μαῖα·
617 3919 812 3968 αιιίινιι.
843 3916 977 3979 Quae
995 3925 1174 3967 aestate
1196 3912 1279 3965 in-

247 4008 378 4081 cipit,
407 4002 734 4075 legiam-qne
761 4008 1032 4051 autumno.
1059 3993 1238 4047 Hm.

1444 1525 1497 1576 6.
1528 1522 1806 1595 Nostrique.
1842 1521 1929 1575 Sic
1968 1524 2147 1577 Dalec.
2179 1524 2300 1579 cod.
2328 1536 2384 1579 et

1361 1601 1547 1656 chiffl.
1574 1603 1657 1655 Al.
1688 1614 1807 1655 ante
1838 1602 2006 1656 Hard.
2040 1608 2233 1676 Ipsique.
2273 1604 2375 1657 En.

1360 1714 1440 1727 --
1468 1683 1790 1751 Unguenta-rte·
1824 1683 2067 1753 diget-une.
2106 1682 2290 1739 Odore
2324 1696 2381 1737 et

1359 1760 1735 1834 pinguitudine
1772 1779 1966 1833 genera
2014 1764 2248 1835 myrrhae
2291 1762 2378 1818 di-

1358 1860 1507 1895 versa
1532 1840 1915 1895 discriminant.
1936 1842 2117 1897 Hann.

1441 1941 1497 1991 7.
1546 1920 1739 1977 Genera
1764 1910 2022 1991 complenti.
2052 1922 2108 1975 Δ.
2143 1924 2377 1995 regioni·

1357 2003 1478 2065 bus,
1505 2000 1562 2055 in
1582 2001 1777 2073 quibus
1792 2014 2103 2069 nascuntur,
2123 2003 2376 2074 pleraque

1357 2100 1555 2135 nomen
1605 2082 1807 2135 sortita.
1850 2082 1929 2134 De
1957 2080 2042 2135 his
2070 2083 2377 2155 regionibus

1355 2160 1453 2214 lib.
1479 2161 1593 2227 VI,
1621 2161 1716 2233 qui
1746 2160 1815 2213 de
1838 2163 2203 2234 geographicis
2236 2164 2377 2234 agit,

1359 2239 1567 2295 dietum
1594 2253 1673 2295 est
1692 2240 1903 2295 abunde
1922 2282 1939 2305 ,
1968 2260 2085 2314 cap.
2122 2244 2211 2297 32.
2236 2245 2375 2296 Tro-

1357 2319 1636 2393 glodyticte
1683 2322 1881 2391 primas
1928 2323 2231 2375 attribuunt
2252 2362 2269 2390 ,
2326 2336 2380 2377 et

1359 2402 1539 2455 Diosc.
1560 2401 1655 2453 lib.
1678 2402 1723 2461 1,
1752 2420 1869 2473 cap.
1900 2421 1995 2473 77,
2029 2415 2082 2455 et
2108 2402 2343 2457 Galenus
2361 2442 2377 2467 ,

1357 2478 1429 2534 de
1464 2478 1647 2533 Antid.
1673 2482 1727 2543 Ι,
1758 2486 1845 2544 ι4.
1871 2481 2056 2537 Hsnn.

1441 2562 1495 2615 8.
1520 2559 1691 2611 Prima
1718 2579 1931 2631 sequens,
1959 2573 2061 2614 etc.
2080 2562 2205 2614 Vet.
2236 2559 2380 2632 apud

1357 2641 1539 2693 Dalec.
1571 2641 1731 2709 prima
1757 2658 1778 2691 .·
1802 2640 2068 2710 Erythram
2103 2660 2298 2710 sequens
2332 2653 2383 2693 et

1356 2718 1566 2785 Minoea,
1597 2722 1648 2770 in
1669 2738 1764 2791 qua
1788 2730 1989 2771 stactam
2004 2730 2053 2769 et
2070 2721 2377 2772 Atramitica.

1357 2798 1493 2851 Mox
1517 2798 1585 2851 sl.
1602 2796 1721 2851 eod.
1750 2809 1804 2851 et
1830 2796 2069 2852 Chifflet.
2083 2798 2380 2853 Atramitica

1357 2894 1433 2931 est
1451 2890 1501 2929 et
1516 2877 1820 2933 Gebanieiea.
1838 2878 1941 2931 En.

1441 2976 1495 3027 9.
1505 2958 1671 3011 Tertia
1686 2956 1920 3012 Dianitis.
1939 2959 2019 3011 Ita
2036 2957 2161 3011 libri
2176 2976 2375 3013 omnes.

1361 3036 1559 3091 Forsan
1585 3038 1652 3090 ab
1676 3036 1846 3091 insula
1871 3038 1973 3090 Dia
1988 3077 2005 3103 ,
2022 3041 2173 3109 cujus
2190 3041 2378 3093 memi-

1359 3117 1441 3171 nit
1468 3116 1675 3174 strabo.
1703 3117 1799 3170 lib.
1828 3118 1991 3183 XVI,
2018 3138 2074 3190 p.
2108 3136 2240 3189 777.
2264 3121 2335 3173 H.

1450 3213 1531 3247 ιο.
1567 3195 1839 3249 Οοίίατὶιία.
1878 3198 1959 3251 Ita
1999 3197 2127 3250 libri
2164 3216 2378 3265 omnes,

1361 3274 1519 3329 etiam
1551 3294 1713 3329 manu
1752 3278 1962 3331 exarati.
2004 3278 2269 3331 Collatitia
2303 3291 2382 3333 est

1359 3374 1689 3426 nempe‚quae
1703 3375 1811 3411 non
1832 3376 1942 3411 uno
1966 3376 2159 3429 genere
2174 3373 2381 3412 consta-

1359 3436 1477 3500 bat,
1491 3434 1584 3487 sed
1612 3454 1673 3488 ex
1692 3436 1966 3508 permixtis
1982 3456 2163 3493 earum
2179 3439 2383 3508 generi-

1359 3514 1479 3578 bus,
1494 3532 1719 3585 quarum
1736 3518 2013 3587 portiones
2034 3537 2069 3571 a
2082 3520 2382 3571 mercatori-

1359 3593 1462 3647 bus
1479 3591 1807 3649 diversarum
1830 3596 2129 3668 regionum,
2142 3596 2381 3650 sacerdo-

1363 3674 1525 3741 tibus,
1552 3676 1761 3741 scribis,
1788 3675 2093 3731 custodibus
2109 3716 2126 3741 ,
2152 3677 2384 3730 satelliti-

1365 3754 1571 3827 busque
1601 3756 2035 3823 conferebantur,
2084 3769 2143 3811 ut
2179 3754 2383 3809 dictum

1365 3846 1445 3887 est
1465 3854 1581 3905 cap.
1612 3836 1705 3889 33.
1748 3836 1818 3887 At
1859 3854 2027 3908 quum
2054 3837 2260 3891 nullum
2292 3835 2384 3887 bie

1367 3914 1601 3985 myrrhae
1640 3934 1809 3987 genus
1830 3930 2202 3979 enumeretur,
2239 3912 2385 3985 qnod

1366 4012 1477 4047 non
1496 4013 1527 4049 a
1548 3996 1714 4066 patria
1733 4033 1752 4062 ,
1778 3995 1837 4049 in
1860 4014 1965 4068 qua
1992 4000 2223 4049 nascitur
2240 4030 2259 4059 ,
2287 4012 2386 4047 no-

2036 4089 2127 4189 44
