2850 4684
403 404 558 478 636
930 410 1006 477 C.
1067 408 1427 478 PLINII
1482 408 1703 478 NAT.
1764 410 2023 479 HIST.

511 542 894 609 LXXXIX.
925 542 1112 634 Argis
1134 541 1279 611 olea
1305 544 1666 611 etiamnum
1685 540 1926 610 durare
1946 541 2209 625 dicitur,
2234 541 2317 611 ad
2338 566 2549 637 quam

412 650 492 715 Io
529 648 598 715 in
635 670 904 715 vaccam
960 662 1280 716 mutatam
1321 650 1536 744 Argus
1573 644 1957 742 alligaverit.
1992 650 2074 715 In
2108 650 2325 717 Ponto
2360 651 2552 719 circa

407 751 796 822 Heracleam
827 777 957 822 arae
975 768 1130 823 sunt
1146 755 1330 823 Jovis
1353 752 1610 823 Stratii¹
1651 754 2049 848 cognomine
2081 780 2097 821 τ
2132 754 2223 823 ibi
2256 779 2547 849 quercus

407 858 555 928 duae
587 859 672 928 ab
710 857 997 929 Hercule
1025 875 1200 929 satae.
1234 862 1312 928 In
1342 859 1577 930 eodem
1611 874 1825 929 tractu
1868 873 2101 954 portus
2131 858 2405 954 Amyci²
2441 874 2549 929 est

407 966 700 1060 Bebryce
741 990 897 1059 rege
941 966 1288 1036 interfecto
1332 966 1570 1036 clarus».
1619 968 1780 1060 Ejus
1816 964 2112 1035 tumulus
2152 990 2192 1035 a
2227 990 2547 1061 supremo

409 1072 516 1140 die
543 1070 730 1141 lauro
767 1074 1032 1165 tegitur,
1061 1097 1260 1167 quam
1285 1075 1583 1143 insanam
1616 1086 1909 1143 vocant·
1947 1074 2258 1165 quoniam
2298 1073 2352 1141 si
2378 1072 2545 1165 quid

407 1203 491 1246 ex
534 1202 609 1247 ea
654 1178 1040 1272 decerptum
1083 1179 1406 1249 inferatur
1440 1178 1750 1264 navibus,
1808 1178 2030 1308 jurgia
2080 1177 2283 1265 fiant,
2326 1176 2545 1247 donec

410 1284 771 1377 abjiciatur.
820 1286 1184 1378 Regionem
1223 1284 1641 1355 Aulocrenen
1683 1270 2005 1353 diximus³
2009 1336 2029 1371 ‚
2066 1308 2187 1378 per
2225 1307 2425 1378 quam
2456 1284 2545 1352 ab

413 1392 752 1485 Apamia
733 1416 804 1459 m
845 1392 1196 1486 Phrygiam
1248 1393 1381 1460 itur
1429 1416 1444 1458 :
1494 1391 1585 1460 ibi
1630 1389 1935 1485 platanus
1987 1376 2419 1474 ostenditur⁴,
2460 1414 2545 1459 ex

409 1521 540 1591 qua
577 1496 966 1591 pependerit
997 1502 1288 1591 Marsyas
1321 1498 1535 1567 victus
1558 1498 1643 1565 ab
1676 1494 2012 1591 Apolline,
2102 1520 2201 1565 uae
2226 1496 2364 1589 jam
2396 1510 2541 1565 tum

408 1602 864 1698 magnitudine
892 1602 1098 1674 electa
1136 1618 1252 1674 est.
1297 1603 1442 1673 Nec
1476 1628 1613 1671 non
1650 1602 1869 1697 palma
1904 1600 2057 1672 Deli
2130 1601 2215 1671 ab
2246 1601 2543 1697 ejusdem

409 1711 537 1778 Dei
575 1724 766 1779 aetate
805 1711 1226 1805 conspicitur.
1261 1709 1588 1805 Olympiae
1620 1693 1967 1795 oleaster,
1999 1732 2081 1776 ex
2116 1733 2249 1801 quo
2288 1710 2543 1803 primus

411 1814 733 1885 Hercules
799 1832 1156 1887 coronatus
1225 1831 1363 1902 est,
1417 1832 1485 1885 et
1541 1841 1723 1884 nunc
1788 1814 2161 1886 custoditur
2220 1813 2541 1944 religiose.

409 1922 719 1991 Athenis⁷
753 1948 1019 2019 quoque
1057 1923 1202 1993 olea
1231 1922 1474 1992 durare
1510 1921 1843 1991 traditur
1824 1946 1893 1988 ln
1930 1906 2330 1991 certamine⁸
2370 1920 2547 1990 edita

413 2052 452 2095 a
489 2029 816 2097 Minerva.

493 2193 798 2245 LXXXIX.
823 2211 868 2245 1.
885 2194 1022 2247 Iovis
1038 2166 1433 2249 &wallonem
1524 2198 1557 2249 8
1581 2234 1597 2260 ,
1622 2194 1806 2266 Epigr.
1826 2196 1882 2247 ἐκ
1892 2195 2070 2256 λασίας
2094 2194 2287 2256 πίτυος.
2316 2190 2543 2245 Νἰοιιιᾶ.

417 2272 694 2335 Sti-atium,
721 2273 832 2325 hoc
858 2285 966 2337 est,
989 2272 1303 2339 militarem,
1323 2276 1434 2327 Ve-
1520 2292 1737 2346 quoque
1772 2274 1827 2326 in
1870 2273 2119 2345 Alexiph.
2158 2290 2276 2344 pag.
2328 2273 2395 2327 15
2412 2290 2465 2339 r,
2494 2284 2549 2325 et

416 2350 617 2403 teribus
683 2351 786 2404 coli
831 2352 1078 2417 solitum,
1126 2366 1312 2406 auctor
1355 2366 1437 2408 est

415 2430 448 2479 J
455 2429 590 2481 nlius
601 2428 806 2481 Pollux.
832 2430 1024 2484 Runa.
1043 2433 1435 2485 Butuntis.—

415 2508 548 2561 Jooc's
568 2507 760 2561 Set-atii.
789 2516 896 2572 Διὸς
927 2513 1167 2583 Στρατίου
1193 2514 1441 2567 meminit

417 2586 676 2641 Herodot.
705 2590 763 2642 in
791 2592 1071 2662 Terpsich.
1103 2593 1194 2645 lib·
1223 2593 1298 2656 V,
1317 2609 1433 2664 cap.

423 2666 518 2733 33,
543 2669 574 2721 J
581 2668 696 2722 ovis
727 2670 989 2724 Militantis.
1017 2668 1198 2725 Han.

501 2768 552 2802 π.
583 2750 761 2802 Porcus
789 2752 987 2823 Amyci.
1015 2752 1096 2804 De
1121 2768 1186 2805 eo
1207 2750 1440 2805 diximus

420 2828 518 2881 lib.
546 2830 618 2893 V,
645 2848 760 2900 cap.
791 2831 881 2892 43.
912 2831 1092 2884 Hem).

503 2908 558 2961 3.
601 2908 904 2961 Aulocrenen
947 2911 1170 2963 dirimas.
1218 2910 1335 2963 Lib.
1367 2912 1441 2972 V,

420 3005 539 3057 cap.
575 3004 660 3055 ²9·
690 2988 872 3042 Hann.

507 3074 559 3130 4.
591 3068 672 3119 Ibi
683 3068 916 3135 platanus
942 3068 1223 3133 ostenditur,
1251 3090 1312 3121 ex
1345 3090 1443 3142 qua

417 3146 645 3217 pependit
673 3147 875 3219 Marsya
906 3151 1064 3199 vietus
1090 3149 1152 3199 ab
1195 3150 1440 3220 Apollitee.

424 3226 568 3295 Lego
594 3243 704 3277 non
721 3227 988 3296 platanus,
1015 3225 1105 3279 sed
1123 3230 1300 3297 pinus.-
1317 3246 1439 3281 nam

425 3323 456 3357 e
506 3305 638 3377 pinu
703 3323 1014 3375 suspensum
1066 3308 1133 3358 ab
1189 3308 1443 3379 Apolline

425 3378 690 3457 Marityam
709 3398 895 3438 atictor
919 3397 996 3437 est
1018 3400 1209 3456 praeter
1228 3401 1445 3441 ceteros

426 3463 652 3517 Archias
683 3477 836 3534 poeta
863 3482 1062 3535 gra-,cus
1091 3466 1442 3537 epigramma·

427 3555 521 3595 ton
585 3556 704 3597 sect.
739 3544 843 3596 111.
890 3544 1047 3598 Pur.
1071 3576 1148 3588 —
1173 3546 1250 3598 Ibi
1281 3548 1445 3615 placa-

427 3641 532 3675 nus.
575 3622 816 3693 Hyginus
843 3623 949 3677 fab.
1000 3626 1104 3679 165
1139 3644 1154 3677 τ
1187 3651 1210 3672 ι
1240 3627 1443 3697 Apollo

427 3703 620 3755 victum
653 3704 918 3773 Marsyam
947 3702 1016 3755 ad
1045 3705 1290 3757 arborem
1321 3706 1446 3758 reli-

426 3794 636 3853 gatum,
673 3782 882 3855 Scythae
923 3781 1172 3847 tradidit,
1203 3785 1296 3856 qui
1323 3804 1446 3837 eum

427 3863 761 3917 membratim
781 3863 1059 3933 separavit.
1083 3890 1106 3911 ι.

427 4022 570 4075 chiae
601 4022 674 4077 ait
705 4022 759 4076 in
792 4022 1013 4087 ᾼιιῑίιοί.
1047 4022 1140 4077 lib.
1169 4024 1254 4077 111
1273 4062 1289 4088 ,
1323 4041 1446 4095 cap.

1132 3864 1252 3916 Non
1282 3866 1449 3937 plata-

426 3960 556 3995 num
585 3961 733 4009 eam,
775 3942 870 3997 sed
915 3942 1103 4014 pinum
1143 3943 1303 3997 fuisse
1346 3946 1449 3997 Ar·

1522 2354 1775 2407 Philostr.
1799 2354 1853 2405 in
1874 2354 2022 2406 Icon.
2044 2350 2229 2405 nunu.

1608 2434 1662 2488 5.
1688 2434 1793 2487 Nec
1810 2450 1905 2485 non
1923 2433 2089 2501 palma
2116 2432 2246 2485 Dele'.
2270 2432 2462 2486 Cicero
2478 2428 2551 2483 de

1524 2513 1687 2584 Legg.
1730 2514 1759 2563 1
1786 2530 1801 2565 :
1838 2537 1861 2560 ι
1893 2512 2005 2564 Nisi
2029 2512 2167 2563 forte
2194 2512 2417 2565 Athena
2442 2524 2547 2564 tuo

1524 2592 1901 2662 sempiternam
1937 2593 1992 2645 in
2024 2608 2144 2644 aree
2169 2592 2339 2644 oleam
2370 2602 2549 2644 tenere

1526 2685 1817 2744 potuerunt
1850 2691 1865 2725 x
1893 2684 1983 2724 eut
2026 2688 2187 2743 quam
2232 2670 2551 2724 Homericae

1526 2753 1742 2824 Ulyssee
1772 2752 1887 2803 Deli
1918 2770 1975 2803 se
1995 2767 2273 2823 proceram
2314 2762 2365 2802 et
2404 2763 2552 2803 tene-

1527 2850 1642 2883 ram
1682 2831 1913 2902 palmam
1946 2828 2137 2883 vidisse
2176 2828 2340 2893 dixit,
2390 2827 2551 2883 hodie

1529 2922 1824 2963 monstrant
1870 2908 2143 2972 eamdem,
2180 2921 2279 2961 etc.
2316 2934 2339 2955 ι
2372 2910 2551 2961 Locus

1531 2990 1749 3042 Homeri
1768 3002 1845 3043 est
1870 2987 2063 3059 Odyss.
2080 2994 2118 3039 Z
2136 3026 2152 3055 ,
2178 3007 2229 3041 ν.
2265 2986 2393 3043 163.
2412 2986 2552 3040 Vide

1530 3081 1585 3121 et
1598 3070 1795 3121 ⁴AE1ian.
1816 3069 1946 3121 Var.
1972 3068 2108 3121 nist.
2128 3068 2221 3119 lib.
2246 3068 2320 3133 V,
2338 3084 2453 3138 cap.
2480 3073 2547 3132 ἀς

1530 3160 1584 3201 et
1608 3148 1886 3220 Theophr.
1911 3147 2044 3201 Hist.
2068 3148 2161 3199 lib.
2178 3148 2279 3213 IV,
2305 3164 2421 3218 cap.
2449 3153 2515 3211 1⁴
2534 3186 2553 3211 ‚

1530 3240 1630 3281 etc.
1654 3230 1833 3282 Hann.

1614 3311 1669 3361 6.
1702 3304 1948 3380 Olympiae
1980 3306 2198 3359 oleaster.
2240 3306 2401 3359 Arist.
2442 3305 2553 3377 περὶ

1530 3392 1746 3459 θαυμασ.
1764 3388 1974 3457 ἀκουσμ.
1994 3388 2263 3457 lutei-pres
2278 3385 2552 3457 Aristopli.

1530 3467 1587 3519 in
1628 3468 1785 3519 Pluto
1806 3506 1823 3531 ‚
1878 3465 1934 3517 in
1992 3484 2121 3519 voce
2189 3467 2554 3535 καλλιςίφανος.

1530 3546 1801 3617 Theophr.
1816 3546 1949 3598 Hist.
1963 3544 2057 3597 lib.
2074 3546 2169 3605 lv,
2182 3562 2297 3615 cap.
2318 3563 2339 3596 1
2354 3546 2405 3597 5.
2418 3546 2554 3597 Du..

1616 3644 1668 3696 7.
1696 3626 1919 3677 Athenis.
1953 3624 2143 3677 Cicero
2185 3625 2222 3676 l.
2258 3642 2307 3677 c.
2354 3621 2554 3676 Herod.

1533 3706 1704 3758 Uran.
1724 3706 1818 3757 lib.
1840 3704 1977 3756 vm
1993 3743 2010 3767 ‚
2034 3722 2151 3774 pag.
2182 3705 2311 3769 480.
2336 3704 2518 3758 Hnn.

1619 3788 1671 3839 8.
1710 3784 1765 3837 In
1796 3786 2074 3844 certamine,
2108 3796 2205 3836 etc.
2232 3782 2561 3836 Fabulantur

1539 3864 1711 3918 Groeci
1754 3862 1821 3917 de
1872 3864 2201 3915 Athenarum
2251 3862 2561 3934 principatu

1540 3962 1665 3997 cum
1692 3944 1945 4014 Neptuno
1984 3942 2281 3995 Minervam
2314 3955 2562 3995 certasse.

1536 4024 1723 4099 Litem·
1756 4022 1969 4095 Jupiter
2010 4023 2083 4076 eie
2128 4020 2346 4075 diremit
2376 4039 2389 4075 ε
2428 4034 2489 4075 ut
2516 4020 2565 4073 ia
