2850 4684
479 388 618 471 15ιὶ

987 392 1068 457 C.
1126 378 1465 457 PLlNll
1520 388 1737 456 NAT.
1799 388 2057 455 HIST.

463 542 725 605 eorum,
753 532 826 585 ut
847 532 1226 588 transeunte
1255 520 1497 588 femina
1516 519 1686 587 odor
1703 520 1936 587 invitet
1962 519 2158 585 etiam
2184 516 2359 585 aliud
2388 542 2599 611 ugen-

463 623 624 694 tes¹'

659 646 674 689 ε
715 624 1168 720 exceduntque
1215 625 1671 719 quadragenos
1690 624 1733 649 ¹¹

1788 624 2093 693 denarios
2135 622 2335 691 librae.
2386 626 2595 691 Tanti

463 726 702 799 emitur
719 730 1026 825 voluptas
1045 731 1294 801 aliena:
1327 734 1567 801 etenim
1602 731 1874 801 odorem
1902 732 2016 824 qui
2050 730 2253 823 gerit,
2286 731 2425 823 ipse
2444 754 2591 801 non

395 874 424 904 «ι
465 838 676 906 sentit.
707 836 836 906 Sed
875 851 944 906 et
973 838 1113 908 haee
1142 836 1357 931 aliqua
1399 837 1774 907 differentia
1814 835 2131 930 signanda
2166 849 2336 904 sunt.
2376 838 2454 902 In
2484 838 2593 903 Μ.

466 944 806 1013 Ciceronis
819 944 864 971 '²
885 947 1328 1019 monumentis
1357 945 1720 1032 invenitur,
1742 956 2081 1037 unguenta
2099 942 2389 1035 gratiora
2406 964 2557 1010 esse
2570 994 2593 1025 ‚

465 1074 610 1143 quae
652 1063 932 1133 terram,
985 1074 1182 1143 quam
1229 1076 1376 1143 quae
1434 1074 1706 1119 crocum
1750 1050 2045 1144 sapiant·
2082 1046 2349 1141 quando
2386 1048 2597 1115 etiam

468 1156 962 1249 corruptissimo
981 1156 1050 1223 in
1065 1160 1313 1249 'genere
1354 1157 1563 1250 magis
1592 1170 1812 1223 tamen
1836 1156 2026 1249 juvat
2060 1152 2403 1285 quiedam
2386 1154 2597 1246 ipsius

467 1262 607 1330 vitii
633 1262 963 1330 severitas.
993 1261 1123 1330 Sed
1143 1262 1465 1356 quosdam
1502 1261 1867 1331 crassitudo
1892 1258 2209 1331 maxime¹
2214 1244 2598 1344 ³delectat,

391 1390 396 1397 '
469 1369 748 1462 SPlSSUl‘n
767 1356 814 1401 ⁴

555 1566 639 1601 ιο.
677 1546 747 1599 Ue
774 1556 1045 1599 transeunte
1053 1548 1243 1611 semina
1267 1547 1390 1599 odor
1415 1550 1487 1598 in·

469 1629 584 1678 vitet
609 1628 748 1677 etiam
780 1626 920 1678 aliud
939 1618 1148 1695 egentes.
1183 1626 1489 1679 Dietionem

457 1708 646 1773 firi-ina
663 1744 678 1770 ,
709 1704 1054 1776 expositionis
1078 1722 1232 1759 eausa
1254 1704 1488 1759 additam

469 1796 740 1856 putamus,
763 1782 1152 1857 legendumque
1171 1794 1487 1848 transeuntes,

471 1882 580 1917 uon
608 1874 892 1915 transeunte.
927 1863 1040 1917 Cur
1065 1864 1208 1917 enim
1235 1864 1487 1917 feminam

470 1954 828 1996 transeuntem
881 1944 1059 2014 potius
1099 1950 1268 2015 quam
1309 1944 1488 1997 virum

473 2022 756 2093 probatum
813 2035 1146 2095 unguentum
1218 2022 1487 2087 alliceret,

471 2101 776 2172 promiscuo
829 2102 934 2155 illis
977 2102 1306 2174 temporibus
1351 2100 1493 2154 inter

471 2192 730 2251 uti-osque
753 2182 1010 2251 unguenti
1029 2180 1165 2233 usu?
1189 2182 1351 2233 Puvtr.

557 2276 582 2312 ι
599 2278 648 2313 1.
689 2262 1057 2331 Quadmgenos.
1099 2260 1185 2313 Sic
1230 2278 1332 2335 pro
1369 2278 1493 2332 qua·

469 2340 727 2409 &ingestos
767 2357 796 2392 e
843 2340 995 2393 MSS.
1049 2340 1288 2411 reposuit
1325 2338 1489 2393 Hard.

472 2420 608 2472 Sunt
648 2430 823 2471 eutem
872 2438 942 2471 xx.
992 2418 1228 2482 denarii,
1266 2432 1493 2473 monetae

471 2507 684 2564 nostro,
703 2501 772 2552 28
801 2499 865 2551 fr.
899 2500 965 2553 31
1003 2518 1051 2552 e.
1076 2502 1180 2552 En.

560 2595 646 2632 ιιι.
701 2579 762 2631 In
809 2578 884 2633 M.
933 2579 1202 2645 Ciceronis,
1237 2592 1334 2632 etc.
1374 2578 1493 2631 'Un-

469 2670 662 2728 guenta
697 2675 818 2730 quae
851 2656 1045 2711 ‘terrem
1071 2659 1318 2732 sepiunt,
1353 2674 1494 2729 quo-

473 2754 598 2791 nam
622 2738 712 2790 illa
743 2738 916 2791 sunt?
943 2738 1285 2792 scribendum
1312 2750 1445 2808 puto
1474 2756 1489 2788 =

479 2842 503 2865 ι
534 2819 762 2887 gratiora
791 2836 931 2885 esse,
966 2836 1086 2889 quoe
1121 2836 1294 2870 ceram
1327 2834 1492 2887 quum

473 2914 594 2967 quie
636 2914 852 2950 crocum
879 2898 1140 2968 sepium.-
1161 2894 1288 2949 Vid.
1319 2896 1490 2949 Suu.

473 2993 529 3045 p.
584 2980 743 3031 1063.
781 3006 861 3020 --
903 2978 1030 3045 Quoe
1067 2988 1253 3027 tere-am.
1289 2974 1369 3026 Ex
1397 2974 1493 3028 de-

473 3054 696 3125 perditis
719 3056 884 3108 Tullii
914 3055 1063 3108 libris
1085 3056 1234 3107 locus
1273 3054 1362 3107 hic
1401 3054 1496 3107 de·

472 3146 752 3207 promptus
780 3147 860 3189 est
885 3152 898 3188 :
931 3132 1024 3187 secl
1059 3134 1246 3187 similis
1280 3133 1328 3187 ei
1357 3135 1493 3188 alter

473 3226 638 3269 exstat
659 3214 729 3268 de
747 3215 895 3289 Orat.
929 3214 1021 3266 lib.
1047 3214 1160 3279 111,
1191 3230 1340 3267 num.
1373 3216 1445 3284 69
1474 3232 1489 3267 ε

481 3320 505 3343 ι
525 3295 674 3348 Licet
699 3294 802 3346 hoe
825 3292 1005 3346 videre
1037 3295 1092 3345 in
1129 3293 1348 3364 reliquis
1370 3311 1493 3347 sen-

473 3374 618 3426 sibus
639 3412 656 3439 ,
701 3370 984 3443 unguentis
1025 3373 1200 3424 minus
1245 3370 1343 3425 diu
1391 3390 1491 3426 nos

475 3452 752 3516 delectari,
783 3468 987 3503 summa
1011 3462 1064 3503 et
1087 3452 1345 3505 acerrima
1371 3470 1491 3505 sua-

477 3533 634 3586 vitate
647 3528 892 3593 conditis,
913 3548 1072 3601 quam
1091 3532 1175 3585 his
1187 3530 1495 3600 moderetis,

476 3624 530 3664 et
580 3609 746 3678 magis
802 3608 1006 3663 laudari
1053 3611 1200 3681 quod
1267 3622 1485 3672 terram,

375 3726 379 3737 .
477 3706 640 3760 quem
685 3687 828 3759 quod
873 3706 1086 3743 erocum
1139 3692 1286 3743 olere
1316 3690 1495 3743 videa-

476 3780 582 3821 tur.
607 3794 630 3815 ι
675 3768 891 3839 Colligit
929 3770 1056 3822 hine
1105 3770 1337 3835 Plinius,
1391 3788 1493 3823 nee

475 3848 666 3901 vitium
693 3848 867 3919 ipsum
883 3886 899 3911 ‚
937 3850 1040 3903 hoc
1063 3862 1170 3914 est,
1193 3860 1494 3921 unguento·

477 3948 597 3982 rum
652 3946 837 3993 usum,
887 3931 1096 4001 plaeere
1150 3948 1334 4001 posse,
1391 3930 1493 3983 nisi

477 4008 766 4063 severitatis
793 4010 1021 4079 speciem
1049 4010 1274 4081 aliquam
1303 4026 1416 4081 prae
1440 4028 1493 4063 se

871 1366 1332 1461 appellantes.
1383 1367 1629 1461 linique
1678 1367 1815 1461 jam
1850 1352 1933 1454 ¹⁵,
1988 1388 2123 1435 non
2176 1364 2389 1434 solum
2440 1388 2599 1458 per·-

1574 1544 1723 1599 ferat.
1748 1544 2003 1599 Brodaeus
2028 1544 2250 1597 Misoell.
2294 1544 2392 1597 lib.
2416 1544 2516 1609 IV,
2544 1562 2601 1599 c.

1580 1624 1633 1689 5,
1664 1642 1893 1691 eumque
1918 1624 2085 1677 seeuti
2120 1622 2349 1692 Scaliger
2388 1635 2440 1675 et
2480 1622 2599 1675 Sal-

1578 1704 1772 1755 masius
1801 1704 1859 1755 iu
1896 1702 2059 1756 Solin.
2094 1718 2149 1773 p.
2184 1702 2560 1773 1033,1egum
2580 1720 2597 1755 ε

1584 1808 1607 1829 ι
1640 1800 1761 1853 quo
1788 1800 1964 1835 ceram
1982 1820 1999 1847 ‚
2030 1798 2188 1852 quam
2224 1798 2341 1853 qun
2372 1798 2603 1834 erocum

1577 1862 1799 1933 sepiunt,
1824 1886 1847 1909 ι
1878 1861 1965 1915 Sie
1988 1860 2161 1913 Plinio
2176 1860 2463 1931 Tullioque
2482 1862 2613 1913 vim,

1576 1941 1798 1995 faciunt.
1846 1939 1983 1993 Nam
2026 1937 2157 2011 quid
2196 1950 2419 2010 uterque
2464 1941 2603 1993 seri-

1576 2022 1757 2091 pserit‚
1792 2020 1995 2073 Plinius
2021 2020 2097 2072 sic
2138 2032 2317 2090 aperte
2330 2016 2599 2075 declarat.

1576 2100 1671 2155 lib.
1705 2098 1867 2152 xvn
1884 2138 1900 2165 ,
1924 2118 2037 2170 eup.
2071 2099 2099 2151 3
2125 2136 2141 2164 ,
2172 2110 2233 2151 ut
2257 2096 2363 2150 diei
2384 2098 2603 2169 planius

1577 2179 1713 2231 nibil
1734 2179 1915 2250 possit.
1943 2179 2030 2230 Ibi
2054 2179 2197 2231 enim
2222 2194 2411 2249 genere
2428 2190 2603 2235 terru-

1576 2276 1697 2311 rum
1727 2258 1928 2329 optima
1966 2258 2281 2328 investigans
2300 2294 2316 2321 ‚
2360 2258 2435 2311 sie
2468 2260 2549 2311 ait
2582 2278 2599 2311 :

1584 2364 1605 2387 ι
1632 2338 1790 2391 Certe
1834 2338 2022 2391 Cicero
2040 2374 2056 2401 ‚
2105 2338 2197 2390 lux
2233 2335 2600 2394 doctrinarum

1580 2418 1744 2471 altere
1768 2434 1781 2469 :
1812 2417 2056 2483 Meliora,
2086 2417 2295 2489 inquit,
2324 2430 2603 2487 unguente

1578 2508 1718 2563 sunt,
1748 2514 1867 2567 quae
1888 2510 2109 2561 teri-sm,
2136 2514 2297 2568 quam
2322 2516 2445 2568 quae
2472 2514 2602 2550 ero-

1578 2589 1699 2628 eum
1726 2577 1953 2646 sapiunt.
1984 2578 2101 2629 Hoc
2136 2577 2276 2629 enim
2302 2576 2491 2630 maluit
2510 2576 2603 2631 di-

1578 2672 1725 2721 cere,
1755 2674 1915 2727 quam
1951 2655 2209 2709 redolent.
2251 2657 2333 2709 Ita
2364 2668 2441 2709 est
2468 2674 2604 2728 pro-

1580 2734 1755 2788 fecto:
1796 2736 1883 2787 illu
1914 2747 2053 2790 terra
2092 2737 2193 2788 erit
2224 2736 2423 2805 optima
2438 2774 2455 2801 .,
2476 2754 2605 2807 quse

1578 2828 1845 2885 unguenta
1886 2816 2071 2887 sepiat.
2110 2813 2273 2880 Quod
2326 2816 2369 2869 si
2411 2814 2603 2868 admo-

1577 2893 1744 2947 nendi
1784 2910 1963 2947 sumus
1983 2894 2151 2965 qualis
2172 2895 2239 2947 sit
2264 2906 2419 2947 terrae
2440 2894 2607 2960 odor,

1578 2986 1679 3027 etc.
1712 3000 1735 3020 ι
1770 2973 1917 3040 Quid
1951 2976 2060 3043 jam
2094 2974 2314 3045 argutiis
2342 2992 2511 3045 opus,
2538 2990 2605 3028 ut

1576 3064 1793 3124 recepta
1856 3052 2059 3105 dudum
2116 3054 2275 3106 Plinii
2326 3054 2605 3125 Tulliique

1576 3132 1735 3185 lectio
1754 3132 2119 3187 convellatur?
2144 3132 2323 3186 Hsun.

1665 3229 1689 3263 1
1700 3210 1731 3262 3
1740 3252 1752 3265 .
1764 3210 1865 3264 Sed
1873 3212 2103 3283 quosdam
2114 3212 2379 3264 crassitudo
2393 3216 2603 3265 maxirue

1578 3291 1808 3355 delectat,
1848 3295 2045 3361 styps-im
2072 3292 2380 3363 appellantes.
2410 3293 2500 3345 Sic
2528 3294 2605 3345 le·

1577 3368 1831 3442 gendum,
1858 3369 1915 3422 id
1942 3382 2050 3435 est,
2078 3374 2238 3441 ςύψιν,
2268 3390 2384 3441 quui
2412 3372 2605 3425 crassi-

1578 3448 1815 3502 tudinem
1831 3451 2093 3521 unguenti
2113 3451 2391 3583 signifieet.
2418 3451 2601 3505 Sint.

1622 3570 1754 3672 ιι4.
1804 3608 2041 3680 Spissum.
2070 3610 2209 3673 Vel,
2266 3622 2327 3663 ut
2379 3608 2604 3680 quidam

1582 3686 1740 3742 codd.
1766 3690 1984 3761 legunt,
2020 3692 2249 3760 usp-sint,
2281 3689 2444 3758 ςύψιν.
2465 3689 2605 3742 Sunt

1582 3770 1723 3823 euim
1768 3772 2014 3841 ςύμματα
2060 3770 2117 3821 iu
2172 3770 2495 3839 unguentis,
2544 3782 2609 3822 ut

1580 3848 1816 3902 diximus
1833 3890 1848 3913 ,
1865 3850 2223 3919 spissamenta.
2259 3850 2438 3901 Huin.

1668 3948 1691 3982 1
1706 3928 1756 3983 5.
1791 3930 1990 3997 Li'm'qaeu
2006 3932 2115 3997 jam
2126 3966 2143 3992 ,
2170 3946 2265 3979 non
2301 3929 2455 3995 solnm
2486 3948 2606 3999 per-

1574 4010 1723 4076 fundi
1740 4028 1853 4079 ung.
1872 4008 2087 4077 gaudent
2100 4044 2117 4073 ,
2152 4020 2249 4060 ete.
2284 4007 2438 4061 Plato
2458 4046 2475 4074 ,
2506 4010 2607 4061 Po·
