2850 4684
473 408 608 482 172
883 334 894 343 ·
985 388 1738 459 c.P11N11NAT.
1798 390 2055 460 HIST.

455 517 683 587 furnis.
717 520 820 597 Ex
827 517 1107 649 3reliquo
1145 544 1385 614 genere
1428 516 1701 615 plebeiae
1738 515 2070 587 videntur.
2124 520 2269 620 Syri
2313 534 2379 588 et
2415 521 2591 589 Juba

455 608 852 717 tragemata³
857 610 1271 721 &appellant
1299 625 1519 697 Nam
1502 651 1572 693 m
1610 622 1734 692 alia
1768 638 1957 719 parte
1988 625 2331 701 Phoenices
2346 610 2397 665 ³⁷
2427 624 2587 695 Cili·

454 732 736 824 ciaeque,
787 730 1091 829 populari
1134 734 1331 801 etiam
1383 732 1653 799 nomine
1692 754 1731 799 a
1774 731 1966 799 nohis
2010 728 2424 825 appellantur
2471 730 2587 800 ba·

452 833 602 907 lani.
631 838 879 907 Eorum
914 822 1214 936 quoque³
1219 824 1481 932 ⁸plura
1511 860 1772 935 genera.
1820 836 2162 909 Differunt
2210 836 2424 931 figura
2473 864 2585 906 ro·

449 941 792 1013 tunditatis
823 958 938 1012 aut
965 945 1417 1045 proceritatis.
1430 942 1773 1013 Differunt
1799 956 1869 1011 et
1906 939 2127 1012 colore
2146 928 2223 1030 ³⁹,
2257 942 2584 1039 nigriores

447 1071 527 1117 ac
585 1048 918 1118 rubentes.
998 1052 1145 1121 Nec
1215 1050 1561 1145 pauciores
1620 1036 1816 1120 fico⁴⁰
1884 1048 2237 1123 traduntur
2295 1048 2580 1119 colores.

447 1154 764 1229 Maxime
781 1170 1002 1223 tamen
1038 1154 1302 1254 placent
1351 1154 1634 1226 candidi.
1678 1156 1946 1225 Distant
1978 1170 2045 1224 et
2080 1156 2579 1251 magnitudine:

445 1275 648 1359 prout
687 1248 942 1329 multi⁴1
997 1262 1291 1331 cubitum
1338 1261 1641 1332 effecere.
1687 1260 1976 1351 Quidam
2033 1276 2187 1333 sunt
2248 1286 2385 1330 non
2432 1286 2577 1329 am-

381 1405 412 1455 7
449 1364 694 1459 pliores
722 1366 897 1439 faba.
927 1370 1290 1445 Servantur
1317 1368 1388 1436 hi
1420 1366 1690 1435 demum
1720 1418 1737 1447 ‚
1764 1369 1880 1463 qui
1908 1380 2271 1437 nascuntur
2297 1369 2365 1439 in
2396 1366 2581 1437 salsis

439 1485 642 1567 atque
671 1472 991 1545 sabulosis
1015 1526 1034 1555 ‚
1071 1489 1147 1543 ut
1187 1476 1256 1543 iu
1296 1472 1557 1560 Judaea,
1597 1488 1665 1543 et
1700 1470 2070 1567 Cyrenaica
2113 1473 2359 1543 Africa.
2415 1476 2577 1545 Non

438 1578 595 1647 item
623 1580 691 1648 in
711 1580 1020 1679 AEgypt0‚
1047 1582 1271 1675 Cypro
1289 1634 1308 1668 ‚
1329 1580 1547 1678 Syria,
1578 1594 1644 1648 et
1672 1578 1969 1649 Seleucia
1991 1582 2293 1673 Assyriae.
2314 1581 2573 1670 'Quam-

440 1683 671 1753 obrem
709 1710 857 1754 sues
877 1736 897 1771 ,
935 1685 1277 1781 etreliqua
1314 1684 1619 1755 animalia
1646 1710 1728 1754 ex
1756 1686 1863 1755 his
1904 1687 2307 1780 saginantur.
2333 1688 2569 1757 Vitiati

438 1910 632 1963 Noster
655 1911 1002 1987 iterumslib.
1033 1912 1193 1979 XIV,
1223 1930 1270 1965 c.
1303 1914 1357 1967 3.
1387 1912 1456 1966 H.
1546 1913 1779 1983 φοίνικας.
1830 1911 2081 1983 Populari
2140 1912 2301 1965 etiam
2346 1911 2571 1965 Gracia

521 1989 613 2044 36.
647 1992 958 2059 ngemata.
993 1991 1172 2044 Gra-„ci
1199 1992 1461 2062 palmulas
1549 1992 1773 2043 nomine
1817 2010 1847 2043 a
1900 1991 2156 2044 Romanis
2200 1990 2307 2044 dici
2354 1991 2570 2045 balanos.

436 2070 717 2123 exsiccatas
745 2072 1047 2141 τραγήματα
1065 2110 1081 2135 ,
1101 2071 1204 2123 hoc
1223 2084 1320 2135 est,
1343 2070 1463 2121 hel·
1550 2068 1693 2123 Vide
1716 2070 1945 2123 Sanus.
1981 2090 2003 2124 1
2017 2070 2085 2123 32
2098 2091 2127 2123 τι
2146 2108 2165 2135 ,
2196 2088 2220 2121 1
2233 2070 2262 2121 3
2274 2077 2365 2133 24.
2382 2071 2575 2123 -Ba-

410 2149 592 2229 ⁸laria,
617 2168 710 2202 seu
739 2150 874 2201 levia
895 2150 1212 2201 munuscula
1248 2168 1461 2202 nuncu·

437 2240 580 2299 pant.
601 2227 792 2298 Papias
807 2228 863 2279 in
872 2228 1264 2282 vocabulario:
1289 2256 1312 2277 ι
1335 2230 1460 2282 Col·

434 2307 562 2360 libia
588 2322 714 2361 sunt
737 2306 877 2377 apud
897 2308 1152 2362 Hebraeos
1170 2348 1185 2374 ,
1220 2326 1340 2379 quae
1359 2327 1459 2362 nos

434 2406 684 2440 vocamus
704 2388 1018 2459 Tragemata
1033 2427 1049 2454 ,
1077 2389 1160 2441 vel
1191 2388 1314 2441 vilia
1338 2406 1460 2440 mu-

435 2468 652 2520 nuscula
681 2507 697 2532 ,
742 2480 804 2519 ut
854 2468 994 2520 cicer
1043 2466 1240 2521 frixum
1283 2506 1299 2533 ‚

431 2625 553 2694 gula
589 2628 643 2680 S.
678 2626 988 2692 pachomii,
1021 2645 1136 2699 cap.
1183 2634 1249 2681 52
1281 2645 1294 2679 :
1337 2652 1360 2674 ι
1398 2627 1455 2679 Si

431 2722 558 2758 vero
607 2707 712 2761 sint
762 2719 1047 2777 tragemata
1069 2744 1086 2771 ‚
1134 2708 1218 2760 vel
1255 2724 1416 2775 poma
1436 2742 1451 2763 ‚

430 2782 578 2839 dabit
622 2787 668 2838 ei
707 2784 903 2857 janitor
941 2806 1004 2839 ex
1055 2786 1139 2841 his
1177 2784 1457 2840 comedere

428 2882 548 2935 quse
577 2866 820 2919 voluerit.
851 2890 873 2913 a·
921 2866 1054 2919 Inde
1101 2884 1205 2918 vox
1237 2865 1451 2935 gallica,

428 2944 511 2997 des
537 2946 736 3015 dragdes
755 2987 768 3009 ,
801 2962 918 3016 qum
951 2944 1196 2999 secundis
1221 2944 1456 2996 inferun-

429 3038 516 3077 tur
538 3026 750 3078 mensis.
782 3026 970 3078 Ilum.-

511 3106 604 3177 37.
638 3106 770 3160 Nam
800 3109 851 3156 in
876 3105 979 3155 alia
1003 3115 1146 3174 parte
1169 3103 1448 3165 Phoenices,

425 3196 524 3236 etc.
551 3184 638 3237 sic
673 3204 736 3237 ex
780 3184 934 3236 MSS.
977 3200 1080 3235 ern.
1107 3182 1271 3235 Hard.
1301 3202 1448 3237 cons.

425 3264 502 3317 Μ.
531 3276 584 3317 et
609 3264 707 3317 Ch.
737 3264 919 3333 aliqua.
945 3262 1117 3315 Gron.
1139 3276 1194 3315 et
1229 3263 1312 3314 Al.
1343 3264 1449 3315 Le·

424 3343 584 3413 gend.
625 3370 646 3391 ι
677 3342 815 3395 Nam
837 3342 892 3393 in
915 3342 1090 3411 aliqua
1117 3354 1266 3413 parte
1291 3341 1447 3394 th-

423 3423 604 3491 nices‚
637 3420 958 3491 Grecioeque
998 3423 1245 3492 populari
1287 3422 1449 3474 etiam

421 3504 640 3555 nomine
651 3520 682 3554 a
701 3500 1195 3571 nobisappellantur
1207 3502 1441 3554 Bolani.-

424 3582 526 3634 Hic
551 3581 797 3632 Pleoem‘ces
821 3592 940 3632 sunt
965 3581 1169 3657 poium<
1195 3622 1210 3647 ,
1249 3580 1304 3633 id
1326 3594 1401 3632 est
1430 3618 1447 3645 ‚

425 3660 692 3731 palmulae.
719 3658 806 3711 Sic
837 3659 976 3711 enim
1006 3660 1162 3713 etiam
1187 3672 1446 3713 vocarunt

423 3740 608 3810 palmae
633 3738 834 3792 fructus
858 3778 872 3803 ,
897 3739 987 3810 qui
1009 3739 1208 3793 Grecis
1230 3756 1445 3812 quoque

425 3820 628 3883 βάλανοι
651 3814 917 3871 dicuntur.
934 3818 1069 3871 Vult
1089 3837 1217 3891 ergo
1239 3820 1445 3873 Plinius
1529 3857 1538 3871 .

431 3900 724 3969 ngemata
739 3916 772 3952 a
793 3896 939 3970 Syris
966 3899 1145 3951 vocari
1167 3900 1442 3971 palmulas,

421 3980 486 4031 In
533 3980 654 4032 alias
693 3991 844 4051 parte
883 3979 1129 4031 Phoenices
1150 4019 1165 4045 ,
1217 3979 1273 4033 id
1331 3992 1406 4033 est
1428 4018 1443 4043 ,

432 2564 582 2615 passa
605 2586 622 2613 ‚
645 2564 804 2619 poma
827 2543 1024 2600 diversi
1039 2548 1263 2618 generis.
1300 2572 1323 2595 a·
1356 2486 1461 2600 ¹1¹le

1550 2150 1668 2204 lani.
1688 2150 1900 2203 Βάλανοι
1916 2190 1930 2212 ,
1950 2168 2131 2203 nuces.
2150 2147 2310 2215 Quod
2325 2150 2574 2203 Plaoem'ces

1548 2229 1654 2283 hoc
1679 2230 1798 2281 loco
1830 2229 2091 2301 palmulas
2120 2229 2445 2301 significare,
2480 2248 2575 2283 seu

1550 2310 1765 2379 φοίνικας
1802 2321 1953 2380 putet
1980 2310 2291 2374 Salmasius,
2314 2327 2367 2380 p.
2397 2309 2573 2375 1322,

1548 2389 1641 2442 vix
1668 2388 1791 2439 ferri
1820 2406 1974 2459 aequo
2000 2389 2178 2441 animo
2202 2401 2391 2459 potest.
2412 2388 2575 2441 Phoe-

1546 2468 1666 2519 nice
1715 2466 1867 2537 regio
1903 2468 2176 2521 notissima
2204 2479 2286 2520 est
2307 2506 2322 2533 ‚
2362 2486 2484 2537 quae
2518 2480 2575 2521 et

1486 2568 1509 2580 ν·
1544 2546 1832 2600 Phoenicia.
1860 2546 2043 2600 Hann-

1627 2626 1721 2679 38.
1746 2626 1931 2678 Eorum
1958 2646 2156 2699 quoque.
2178 2630 2255 2679 Ita
2281 2626 2435 2680 MSS.
2456 2645 2576 2679 om·

1542 2722 1673 2756 nes:
1706 2706 1801 2758 etsi
1825 2706 2071 2763 Graecis-vl
2104 2707 2315 2771 βάλανοζ
2345 2706 2571 2759 feminei

1542 2784 1751 2856 generis
1776 2784 1860 2838 sit.
1888 2784 1979 2839 Sic
1996 2786 2091 2839 lib.
2122 2786 2229 2838 XV
2248 2826 2263 2847 ‚
2306 2802 2427 2855 cap.
2459 2790 2529 2840 25
2548 2824 2567 2850 ,

1544 2862 1827 2917 Sardianos
1856 2866 2072 2920 balanos
2101 2878 2272 2918 vocat.
2304 2866 2485 2917 lium.

1623 2942 1715 3011 39.
1746 2943 2002 3011 Dtffimmt
2025 2956 2075 2995 et
2094 2944 2276 3009 color-e,
2303 2948 2567 3013 nigrior-es,

1542 3032 1641 3075 etc.
1674 3024 1946 3095 Theophr.
1978 3024 2178 3079 Hister.
2205 3024 2301 3076 lib.
2324 3025 2413 3088 ΙΙ,
2446 3043 2564 3096 cap.

1542 3104 1575 3155 8
1610 3121 1624 3155 :
1664 3105 1837 3157 Αὐτῶν
1866 3100 1926 3157 δὲ
1962 3112 2061 3158 τῶν
2100 3110 2302 3174 καρπῶν
2330 3100 2565 3174 διαφοραὶ

1536 3183 1769 3244 πλείους..
1780 3184 1903 3236 azoti
1929 3182 2021 3245 τὰς
2052 3182 2249 3253 χροιὰς,
2274 3184 2317 3235 οἱ
2342 3184 2431 3251 μὲν
2453 3190 2567 3237 λωι-

1536 3262 1642 3323 κοὶ,
1672 3257 1789 3315 οἱδὶ
1809 3266 2041 3333 μέλανες,
2066 3265 2109 3317 οἱ
2136 3258 2194 3317 δὲ
2212 3264 2390 3327 ξανθοί.
2408 3264 2477 3315 'lb
2500 3259 2563 3315 δῦ

1534 3342 1643 3393 ὅλον
1666 3344 1752 3394 οὐκ
1770 3343 1961 3394 ἐλάττω
1986 3342 2234 3413 χρώματά
2269 3362 2415 3412 φασιν
2440 3338 2565 3395 εἶναι

1484 3424 1487 3431 ’
1538 3427 1635 3473 τῦν
1662 3428 1849 3484 συκῶν,
1864 3418 1977 3474 οὐδὲ
2004 3424 2173 3483 ἁπλῶς
2203 3422 2271 3475 τὰ
2290 3423 2427 3491 γένη·
2444 3418 2565 3475 δια-

1538 3501 1689 3569 φέρειν
1709 3496 1769 3555 δὲ
1780 3500 1862 3554 καὶ
1876 3500 2009 3555 κατὰ
2021 3503 2087 3554 τοὶ
2106 3504 2302 3572 μιγίθη,
2319 3502 2405 3556 mc
2424 3504 2565 3567 κατὰ

1538 3578 1603 3633 τὰ
1622 3581 1864 3652 σχήματα
1884 3620 1899 3647 ,
1922 3602 1971 3633 κ.
1993 3602 2042 3635 τ.
2064 3589 2111 3634 λ.
2136 3582 2243 3633 Ει).

1622 3660 1859 3723 4o.Fieo.
1880 3663 1958 3713 Ita
1982 3660 2135 3715 MSS.
2154 3662 2259 3713 hoc
2270 3670 2378 3723 est,
2400 3678 2561 3731 quam

1535 3737 1644 3793 fico
1674 3740 1951 3814 Theophr.
1978 3741 2017 3793 l.
2042 3760 2087 3793 c.
2112 3738 2293 3791 ΗΑιιι).

1616 3826 1707 3881 41.
1740 3820 1894 3873 Pron:
1920 3822 2075 3872 multi.
2116 3820 2189 3873 Ut
2224 3818 2295 3871 de
2330 3818 2567 3871 Nicolais

1534 3896 1735 3953 dictum
1762 3913 1839 3953 est
1858 3901 2103 3969 proxime
2117 3935 2134 3962 ‚
2165 3908 2457 3969 quaternos
2474 3915 2565 3951 cu-

1533 3977 1705 4032 bitum
1728 3978 2062 4050 longitudine
2088 3977 2319 4033 efficere.
2342 3974 2521 4027 Hann.
