2850 4684
425 1277 450 1312 1

507 369 650 443 156
1027 375 1105 442 C.
1163 304 1500 446 PLlNil
1556 375 1773 446 NAT.
1830 375 2087 444 nlsT.

494 504 796 574 Neronis.
837 505 1130 574 Maxime
1167 519 1388 576 tamen
1434 507 1673 574 mirum
1718 519 1851 590 est,
1882 507 2059 574 hanc
2096 505 2373 599 gratiam
2418 529 2627 599 pene-

495 623 702 678 trasse
746 624 814 679 et
853 612 922 680 iu
969 625 1206 682 castra.
1248 611 1501 706 Aquilae
1542 626 1721 682 certe
1772 635 1851 680 ac
1892 615 2111 706 sigua,
2158 609 2625 740 pulverulenta

493 713 638 800 illa,
679 729 746 784 et
783 715 1226 788 custodibus²²
1267 717 1572 798 horrida,
1582 719 2035 836 inunguntur
2074 702 2313 788 festis²³
2352 717 2623 804 diebus;

493 822 876 942 utinamque
915 822 1134 896 dicere
1171 847 1545 916 possemus,
1580 826 1726 918 quis
1772 825 2025 916 primus
2060 821 2479 894 instituisset!
2514 827 2625 892 Ita

492 941 620 1012 est,
645 929 954 999 nimirum
985 929 1114 1000 hac
1135 929 1441 1000 mercede
1466 944 1797 1023 corruptae
1828 944 2153 1001 terrarum
2170 929 2401 998 orbem
2428 929 2625 1000 devi-

491 1055 641 1102 cere
679 1033 932 1127 aquilae.
987 1037 1124 1105 Ista
1178 1037 1543 1130 patrocinia
1580 1037 1937 1130 quaerimus
1979 1037 2185 1124 vitiis,
2222 1051 2297 1106 ut
2330 1061 2453 1130 per
2488 1036 2623 1106 hoc

483 1137 594 1230 jus
627 1153 974 1210 sumantur
1013 1141 1138 1210 sub
1173 1142 1422 1210 casside
1462 1156 1821 1236 unguenta.

595 1247 678 1313 V.
720 1245 1010 1334 Quando
1035 1247 1105 1315 id
1139 1246 1463 1341 primum¹
1492 1248 1577 1316 ad
1604 1249 1943 1316 Romanos
1976 1249 2456 1340 pcnetraverit,
2480 1273 2620 1316 non

491 1347 683 1419 facile
724 1351 1020 1420 dixerim.
1071 1355 1348 1424 Certum
1391 1368 1493 1423 est
1530 1353 1860 1425 Antiocho
1900 1377 2058 1446 rege
2103 1353 2387 1448 Asiaque
2434 1353 2620 1422 devi-

490 1459 649 1542 ctis,
663 1455 905 1526 Urbis²
921 1480 1097 1527 anno
1131 1461 1657 1554 quingentesimo
1688 1459 2097 1555 sexagesimo
2119 1463 2383 1552 quinto,
2400 1462 2472 1527 P.
2500 1462 2623 1528 Li-

491 1563 736 1632 cinium
756 1549 1167 1650 ³Cr‚assum
1205 1567 1285 1633 L.
1321 1568 1360 1634 J
1364 1561 1568 1634 ulium
1603 1568 1931 1635 Caesarem
1961 1589 2267 1634 censores
2306 1565 2619 1652 edixisse,

493 1695 578 1738 ne
607 1672 756 1767 quis
785 1669 1102 1742 venderet
1128 1685 1467 1764 unguenta
1492 1661 1788 1742 exotica⁴
1809 1672 1953 1742 ‘sic
1976 1672 2151 1743 enim
2180 1669 2617 1765 appellavere.

493 1778 581 1844 At
605 1773 950 1845 hercules
927 1799 1064 1869 jam
1091 1777 1362 1871 quidam
1389 1763 1625 1848 etiam⁵
1655 1781 1723 1847 in
1767 1792 1963 1872 potus
2002 1777 2291 1846 addunt:
2322 1778 2623 1872 tantique

579 1952 670 1985 υ.
737 1933 814 1986 Ec
867 1933 1154 1988 custodibus.
1213 1933 1509 1988 Custodum
1597 1935 1765 1988 subsit
1782 1934 1985 2006 poetica
2011 1935 2281 2006 πρόληψις,
2304 1934 2621 2006 -Tarqninii

497 2012 692 2066 virtute
709 2011 947 2078 horrida,
975 2013 1077 2066 hoc
1103 2026 1200 2080 est,
1229 2014 1515 2068 metuenda
1596 2033 1790 2085 eorpus
1824 2015 1967 2068 hona
2000 2015 2201 2068 femina
2238 2013 2371 2067 lavit
2388 2053 2405 2078 ,
2434 2028 2489 2068 et
2518 2033 2621 2068 uu·

497 2091 661 2162 εἰμι.
694 2093 820 2146 Hoc
859 2093 998 2146 euim
1039 2094 1412 2164 signiferorum
1452 2094 1511 2147 iu
1600 2093 1697 2147 xit.
1730 2119 1753 2142 ιι
1787 2095 1993 2147 Daue.

495 2169 621 2226 acie'
631 2172 924 2224 constantia
945 2171 1068 2235 suit,
1088 2185 1150 2224 ut
1168 2174 1330 2226 vitam
1347 2173 1511 2244 prius.

497 2266 662 2320 quam
691 2251 835 2321 signa
876 2252 1188 2307 amitterent.
1207 2253 1308 2304 Vel
1343 2251 1518 2306 horri-

497 2329 598 2384 dos
607 2329 972 2401 integumento
993 2330 1274 2402 signiferos
1297 2331 1515 2397 iudicat,

1680 2192 1734 2227 a.
1780 2174 1925 2226 Urbis
1970 2193 2126 2236 anau,
2178 2186 2278 2226 etc.
2330 2173 2411 2226 Ita
2460 2173 2619 2228 MSS.

1597 2271 1781 2308 omues
1801 2266 1855 2306 et
1881 2251 2029 2306 editi.
2054 2253 2241 2306 Annus
2272 2252 2363 2305 hic
2394 2267 2492 2318 est,
2508 2271 2619 2324 quo

1597 2332 1755 2403 plane
1776 2330 2013 2386 devictus
2032 2331 2364 2390 Antiochus,
2394 2331 2622 2389 domita·

499 2409 695 2481 quibus
742 2423 796 2464 et
845 2409 1122 2463 loricatum
1182 2424 1370 2480 peetus
1387 2451 1404 2476 ,
1462 2423 1517 2464 et

499 2489 668 2561 capita
695 2489 923 2561 pellibus
959 2490 1308 2544 animantium
1347 2491 1518 2542 obvo-

500 2569 648 2634 luta,
682 2570 763 2622 uti
803 2589 866 2623 ex
893 2567 1161 2641 lapidibus
1187 2569 1517 2641 effinguntur

500 2666 533 2703 a
552 2649 756 2722 Lipsio,
781 2647 850 2703 de
870 2649 1030 2703 Milit.
1059 2651 1122 2702 R.
1145 2649 1240 2701 lib.
1265 2650 1366 2712 IV,
1383 2646 1514 2701 dial.

503 2749 558 2800 9.
599 2728 686 2782 Sic
729 2743 906 2783 autem
947 2729 1146 2782 habent
1187 2729 1340 2782 MSS.
1384 2729 1517 2799 Reg.

500 2809 656 2864 colb.
681 2809 782 2863 Ch.
811 2823 914 2864 etc.
933 2828 1046 2864 non
1067 2807 1292 2862 custodit&
1317 2827 1338 2862 .·
1370 2805 1519 2879 quod

499 2900 562 2942 ut
591 2887 736 2942 idem
763 2888 974 2960 Lipsius
1006 2889 1404 2958 interpretetur,
1450 2885 1519 2939 de

500 2967 661 3021 milit.
684 2969 747 3020 lt.
770 2967 864 3020 lib.
884 2968 987 3029 lv,
1013 2966 1138 3021 dial.
1165 2986 1220 3036 9,
1237 2965 1304 3019 ad
1323 2979 1518 3019 castro·

499 3065 620 3100 rum
641 3063 874 3100 carceres
889 3046 1082 3099 frustra
1091 3045 1336 3117 confugit
1353 3064 1368 3098 τ
1384 3044 1517 3100 adeo

499 3125 732 3180 intutum
759 3138 840 3180 est
863 3127 972 3180 sola
989 3125 1190 3198 ingenii
1212 3127 1515 3198 conjectura

500 3205 835 3270 uiti-flauo.

586 3285 679 3338 ²3.
719 3283 878 3339 Fatis
914 3284 1096 3337 diebus.
1135 3284 1315 3338 Rebus
1355 3282 1518 3348 lotis,

503 3363 797 3436 militiaque
851 3382 1102 3436 prospera
1119 3401 1136 3428 ,
1197 3364 1517 3434 obviamque

501 3443 773 3498 itionibus.
803 3446 977 3497 Vetus
1043 3442 1316 3514 inscriptio
1373 3439 1519 3514 apud

503 3523 762 3576 Oiselium
801 3523 858 3577 in
901 3523 1061 3576 Theo.
1101 3522 1362 3576 Numism.
1393 3539 1518 3591 pag.

509 3605 618 3667 468
641 3621 919 3656 mononis.
948 3619 1184 3656 nouus.
1205 3617 1515 3662 sxcxtsqva.

501 3683 712 3755 Nempe
737 3682 882 3752 signa
907 3682 1088 3736 ornari
1123 3699 1239 3734 mos
1275 3681 1376 3733 fuit
1399 3681 1517 3732 lau-

502 3781 593 3815 rus
605 3761 902 3833 florumque
913 3761 1140 3824 coronis,
1151 3773 1205 3814 et
1217 3757 1515 3830 unguentis.

582 3841 652 3895 V.
675 3861 724 3896 1.
743 3839 953 3911 Quando
973 3839 1030 3892 id
1037 3842 1262 3912 primata,
1276 3851 1378 3893 etc.
1395 3839 1517 3892 Jam

501 3919 782 3993 Tarquinii
831 3931 1070 3994 tempore
1121 3931 1513 3991 unguentorum

499 4000 602 4054 fuit
647 4020 790 4056 usus.
833 3999 1041 4055 Ennius
1081 3999 1224 4054 enim
1267 4000 1371 4066 ait,
1411 3998 1513 4052 nisi

1597 2429 1705 2481 que
1728 2411 1851 2464 Asia
1874 2423 1971 2464 est.
1998 2411 2181 2464 Ηιιιιι.

1680 2491 1733 2542 3.
1764 2491 1831 2544 Ρ.
1866 2491 2122 2544 labiniam,
2156 2492 2283 2544 Post
2310 2490 2493 2544 Asiam
2520 2491 2615 2548 du·

1598 2569 1785 2622 mitam
1812 2571 1965 2628 anuis
1992 2583 2205 2623 centum
2221 2607 2239 2636 ‚
2270 2571 2467 2640 quibus
2512 2590 2617 2624 uu·

1597 2649 1779 2720 guenti
1819 2649 2029 2703 luxuria
2068 2650 2364 2720 penetravit
2404 2648 2473 2702 ad
2516 2651 2619 2702 Ro-

1600 2745 1817 2794 manos‚
1854 2746 1918 2781 ae
1954 2729 2159 2800 legibus
2198 2730 2439 2800 primum
2466 2747 2617 2782 coer-

1600 2805 1765 2862 cenda
1834 2808 1955 2861 fuit.
2010 2809 2191 2862 Refert
2240 2809 2353 2862 hoe
2402 2827 2619 2882 quoque

1602 2887 1813 2940 Solinus
1830 2927 1847 2952 ,
1866 2905 1913 2941 c.
1942 2906 2101 2952 11³1,
2132 2907 2187 2960 p.
2220 2894 2315 2959 74.
2342 2887 2619 2942 Esau.—

1600 2967 1661 3020 1³.
1702 2967 1937 3023 Heinius
1986 2966 2203 3022 Crassus
2242 2979 2295 3020 et
2340 2967 2403 3018 L.
2442 2967 2619 3024 Julius

1602 3047 1771 3100 Com
1810 3063 2056 3100 censores
2092 3047 2239 3104 fuere
2276 3063 2418 3100 anno
2446 3047 2520 3100 U.
2548 3048 2614 3100 C.

1606 3125 1740 3190 ⁵65,
1760 3139 1820 3179 ut
1838 3137 1983 3197 patet
2002 3143 2065 3179 ex
2092 3126 2197 3180 hoc
2220 3127 2357 3180 loeo.
2382 3127 2613 3180 Centum

1600 3223 1727 3276 ergo
1752 3206 1903 3260 anuis
1928 3217 2048 3277 post
2076 3201 2399 3258 Antiochum
2436 3223 2617 3276 regem

1600 3285 1885 3355 Asiamque
1911 3283 2171 3338 domitam
2188 3325 2205 3350 ,
2238 3283 2307 3337 de
2334 3285 2616 3356 unguentis

1598 3383 1709 3418 nou
1760 3363 1971 3418 edixere
1990 3401 2007 3425 ‚
2062 3377 2123 3418 ut
2160 3363 2361 3436 placuit
2404 3363 2615 3418 erudito

1602 3442 1903 3496 Harduino.
1930 3445 2099 3498 Βιιοτ.

1682 3529 1737 3588 4.
1779 3525 2008 3576 Emesa«.
2036 3511 2261 3586 ἐξωτικὰ
2275 3560 2291 3588 ,
2314 3521 2613 3594 peregrina,

1601 3615 1815 3656 externa
1830 3640 1847 3667 ,
1872 3615 2039 3674 atque
2056 3601 2189 3655 adeo
2208 3603 2367 3672 pretii
2378 3601 2613 3656 carioris.

1600 3681 1769 3736 Plaut.
1796 3683 1853 3735 in
1881 3682 2105 3736 Mostell.
2134 3693 2238 3738 act.
2264 3683 2311 3745 1,
2342 3701 2417 3735 sc.
2443 3701 2499 3747 v,
2537 3701 2612 3735 vs.

1605 3770 1671 3825 41
1704 3780 1720 3814 :
1775 3787 1799 3810 ι
1830 3761 1956 3818 Νοιι
1998 3777 2182 3817 omues
2216 3773 2437 3831 possunt
2472 3760 2615 3814 olere

1601 3853 1872 3912 unguenta
1902 3841 2135 3905 exotica,
2161 3839 2219 3894 Si
2238 3854 2295 3894 tu
2318 3840 2446 3894 oles.
2479 3865 2503 3888 ι
2520 3839 2586 3892 11.

1682 3920 1733 3974 5.
1801 3921 2015 3990 Quidam
2057 3924 2200 3972 etiam
2222 3957 2241 3984 ,
2292 3932 2395 3974 etc.
2454 3917 2613 3990 Apud

1598 3999 1850 4070 Theoph.
1870 3999 1966 4054 lib.
1978 4000 2089 4069 περὶ
2114 4007 2211 4054 τῶν
2238 4000 2403 4070 ὀσμῶν
2417 4017 2431 4052 :
2446 3999 2609 4070 Μὺρον
