2850 4684
999 351 1317 420 LIBE'R
1368 353 1581 421 XVI.

2192 348 2347 437 643

213 470 410 577 quia*
440 482 580 577 jam
611 483 850 553 virium
877 480 1142 551 abunde
1164 482 1447 571 habeat,
1472 508 1595 555 nec
1628 485 1715 553 sit
1756 485 1859 553 sui
1886 482 2172 553 dimidia.
2202 486 2359 555 Om·
2397 516 2423 548 2

215 720 332 787 ejus
371 735 436 771 ac
484 728 736 787 nepotes,
785 712 959 771 Exod-
1013 714 1118 767 XX
1141 754 1158 780 ‚
1188 716 1242 771 8.

215 797 442 851 Nullum
467 794 578 849 diei
609 794 818 867 septimi
861 795 918 849 in
945 795 1132 849 orbem
1158 813 1242 849 re-

213 874 434 931 deuntis
442 874 718 947 vestigium
735 888 812 929 est
823 873 966 945 apud
981 874 1239 928 Plinium:

219 954 276 1009 id
305 954 454 1028 quod
481 957 774 1011 certissimo
801 966 1110 1025 argumento
1130 966 1210 1007 eat
1229 994 1246 1019 ‚

216 1034 366 1107 apud
390 1054 482 1089 eos
525 1034 622 1106 qui
647 1034 884 1090 Plinium
923 1045 1126 1087 norunt
1146 1070 1162 1096 ‚
1193 1046 1246 1103 et

216 1115 414 1188 scripta
439 1117 555 1187 ejus
571 1115 914 1187 perlegerunt
927 1152 946 1180 ,
963 1132 1074 1167 non
1087 1113 1246 1167 fuisse

215 1196 365 1249 hunc
403 1194 613 1267 cyclum
643 1194 901 1247 Romanis
949 1193 1244 1265 cognitum.

217 1272 372 1341 Quid
397 1272 544 1345 quod
581 1292 680 1327 nec
715 1274 901 1327 Livius
914 1309 933 1336 ‚
964 1270 1247 1326 Tacitusve

219 1356 276 1409 in
301 1354 538 1409 historiis
552 1388 572 1417 ‚
595 1372 698 1407 nec
721 1352 780 1408 in
803 1352 970 1407 Fastis
988 1350 1246 1417 Ovidius,

215 1452 319 1487 nec
329 1453 359 1486 e
373 1432 612 1506 profanis
622 1434 970 1505 scriptoribus
982 1432 1090 1499 alii,
1101 1432 1246 1503 quod

217 1512 438 1585 quidem
453 1530 600 1565 nunc
613 1513 771 1566 sciam
787 1550 804 1576 ,
818 1512 1088 1584 appellant
1100 1509 1245 1564 diem

217 1593 380 1657 solis,
421 1604 516 1646 aut
559 1592 736 1659 Iovis,
777 1606 870 1646 aut
907 1593 1073 1645 Lunae
1089 1629 1105 1655 ,
1152 1603 1246 1645 aut

219 1674 432 1729 Martis,
459 1684 552 1724 aut
571 1672 865 1737 Mercurii,
888 1684 985 1725 aut
1003 1671 1246 1733 veneris,

217 1764 314 1806 aut
349 1750 566 1806 Saturni
604 1770 618 1804 ι
654 1751 858 1805 tametsi
890 1750 1148 1803 philaster
1187 1750 1246 1801 in

219 1832 477 1903 Catalogo
486 1829 762 1883 heresium
777 1842 1045 1883 auctorem
1056 1828 1244 1881 harum

220 1910 637 1983 appellationum
661 1908 890 1962 Hermen
923 1906 1080 1961 facit?
1101 1904 1246 1961 Illud

221 1989 442 2062 quidem
476 1989 722 2056 Horatii,
745 1990 830 2053 11,
846 1989 954 2041 Sat.
983 2005 1083 2048 111,
1108 2006 1242 2041 vers.

227 2070 338 2125 288
360 2109 374 2134 ,
407 2069 500 2122 ubi
541 2082 708 2122 mater
747 2086 906 2121 orans
933 2085 1037 2139 pro
1080 2066 1246 2121 salute

221 2150 378 2221 pueri
404 2147 711 2202 inducitur:
732 2174 755 2195 ι
771 2148 804 2201 J
809 2148 1024 2220 uppiter
1035 2184 1050 2211 ,
1070 2146 1249 2217 ingen·

221 2242 300 2283 tes
325 2229 420 2300 qui
445 2226 540 2282 das
564 2227 860 2299 adimisque
886 2226 1116 2291 dolores,
1129 2226 1246 2280 Ma-

223 2321 308 2361 ter
347 2310 422 2362 ait
449 2308 602 2380 pueri
643 2325 850 2361 menses
872 2309 982 2378 jam
1005 2306 1246 2379 quinque

221 2388 466 2441 cubantia
491 2407 505 2439 =
530 2386 743 2457 Frigida
772 2388 815 2438 si
833 2404 1062 2456 puerum
1093 2404 1247 2456 qual*

221 2480 345 2522 tana
371 2467 677 2539 reliquerit,
699 2466 793 2517 illo
818 2466 979 2517 Mane
1001 2462 1120 2524 die,
1137 2482 1245 2535 quo

223 2559 282 2599 tu
309 2546 502 2600 indicis
517 2545 714 2617 jejunia
729 2583 746 2609 ,
767 2542 945 2595 nudus
973 2543 1036 2593 In
1059 2542 1242 2595 Tiberi

223 2627 386 2680 ambit
403 2647 418 2678 ε
447 2652 472 2673 ι
495 2626 606 2679 haec
647 2624 864 2693 inquam
889 2620 1055 2675 verba
1081 2622 1244 2674 inter·

225 2717 402 2777 pretes
427 2702 679 2758 nonnulli
723 2701 791 2755 de
813 2700 900 2754 die
928 2700 1078 2753 Iovis
1102 2697 1247 2754 dicta

224 2786 523 2857 accipiunt,
556 2780 646 2835 sed
686 2781 800 2835 sine
840 2780 952 2833 ullo
980 2779 1248 2851 probabili

225 2876 562 2939 argumento.
595 2860 792 2915 Verius
823 2858 1014 2931 aliquis
1059 2858 1161 2912 fuit
1187 2859 1244 2911 in

225 2959 406 2999 vetere
415 2946 777 2996 Romanorum
795 2936 1104 2993 kalendario
1115 2937 1246 3004 dies,

225 3026 322 3096 qui
340 3024 502 3077 semel
527 3023 582 3075 in
607 3040 750 3075 anno
774 3029 1110 3083 occurreret,
1136 3036 1248 3089 quo

227 3102 318 3157 die
339 3102 597 3174 scriptum
610 3113 724 3155 erat
737 3101 983 3171 Jejum'um
1000 3098 1246 3151 Jovitsic·

229 3196 291 3238 ut
338 3194 418 3235 est
460 3179 606 3252 apud
643 3182 678 3234 J
680 3178 860 3235 udaeos
895 3178 1011 3232 dies
1051 3176 1247 3248 Expia·

227 3262 414 3320 tionis,
441 3260 680 3315 decimus
715 3258 831 3313 dies
867 3258 1007 3312 Tisri
1023 3296 1040 3321 ,
1059 3256 1250 3330 jejunii

226 3342 360 3396 dies.
384 3338 546 3395 Unde
566 3353 618 3393 et
648 3340 737 3393 hic
759 3351 955 3410 prater
964 3339 1250 3409 jejunium,

228 3422 398 3476 veluti
416 3421 692 3491 culparum
707 3419 1036 3489 piamentum
1059 3416 1254 3471 lavatio

229 3506 380 3573 pueri
412 3499 578 3554 sanati
593 3501 648 3552 in
670 3497 856 3551 Tiberi
877 3498 911 3550 J
913 3496 1001 3550 ovi
1027 3496 1253 3569 promit-

227 3582 378 3636 titur.
425 3578 586 3651 Apud
619 3578 774 3632 Sinas
812 3596 922 3632 non
967 3589 1046 3629 est
1073 3578 1255 3650 cyclus

229 3661 321 3713 ille
361 3672 565 3732 septem
589 3656 820 3713 dierum.
859 3656 1020 3727 Apud
1049 3656 1253 3710 Arabes

229 3758 444 3811 semper
479 3738 613 3801 fuit,
649 3749 709 3790 ut
732 3736 790 3789 in
815 3736 959 3789 notis
981 3735 1047 3789 ad
1090 3736 1252 3789 Alco-

227 3838 422 3873 ranum
446 3817 688 3871 nondum
713 3813 869 3868 editis
896 3813 1224 3870 ostendimus
1239 3854 1254 3880 ‚

229 3901 298 3954 ab
332 3897 556 3952 Ismaele
573 3930 591 3959 ‚
619 3895 849 3949 Abi-aha
869 3894 1020 3958 filim
1061 3894 1252 3947 Habu-

230 3978 428 4033 metaui
481 3976 806 4045 ubicumque
858 3986 982 4027 sunt
996 4012 1013 4038 ‚
1059 3974 1257 4027 habeut

1331 715 1477 769 illam
1507 735 1539 771 a
1566 716 1887 777 Mahomete'
1903 716 2097 777 Arabe.
2121 718 2249 773 Non
2278 733 2357 775 est

1331 794 1477 867 apud
1512 796 1858 849 Amet-icarios
1892 796 2033 849 ullos
2055 836 2072 864 ,
2122 799 2357 871 exceptis

1330 874 1438 928 illis
1462 876 1555 948 qui
1580 874 1896 931 Christianis
1925 877 2085 929 sacris
2114 889 2241 930 sunt
2261 879 2359 932 im-

1330 956 1467 1009 buti.
1507 954 1629 1009 Non
1665 968 1742 1010 est
1780 954 2015 1027 denique
2044 955 2189 1027 apud
2222 957 2357 1011 ullas

1325 1047 1513 1106 gentes
1543 1054 1663 1107 quo
1694 1054 1881 1089 verum
1918 1037 2091 1089 Deum
2115 1054 2225 1091 non
2248 1056 2355 1093 no·

1329 1128 1495 1169 runt:
1520 1116 1778 1189 quoniam
1818 1116 1885 1169 ab
1934 1116 1997 1171 iis
2042 1115 2139 1189 qui
2180 1118 2357 1173 colere

1330 1195 1509 1267 ipsum
1550 1194 1845 1261 desierunt,
1878 1196 2113 1267 abjectus
2142 1197 2356 1267 septimi
2458 1223 2461 1226 ·

1330 1272 1439 1329 diei
1463 1274 1639 1329 cultus
1662 1274 2045 1347 neglectasque
2062 1288 2141 1329 est
2160 1291 2355 1346 :quem

1329 1354 1705 1426 praecriptum
1740 1355 1807 1409 ab
1854 1372 1921 1409 eo
1960 1354 2121 1411 fuisse
2161 1356 2233 1409 ob
2274 1356 2357 1411 sui

1330 1435 1678 1489 reverentiam
1725 1431 2011 1504 predicare
2052 1448 2277 1507 possunt
2318 1436 2353 1488 ii

1331 1513 1607 1567 dumtaxat
1630 1514 1723 1584 qui
1746 1531 1869 1565 cum
1887 1527 2101 1566 norunt.
2118 1512 2356 1568 Siamen·

1331 1612 1410 1647 ses
1437 1593 1725 1648 Sabbatum
1747 1611 1858 1646 non
1875 1606 2143 1647 noverunt
2164 1592 2358 1649 Mosai-

1331 1689 1455 1727 cum
1474 1706 1491 1730 ,
1518 1674 1629 1726 sive
1668 1671 2065 1736 Christianum,
2111 1674 2357 1745 quamvis

1331 1750 1580 1805 nonnulli
1610 1768 1760 1803 secus
1783 1750 2052 1805 affirmant
2074 1772 2089 1805 ε
2112 1752 2206 1806 sed
2222 1772 2354 1826 qua-

1332 1843 1455 1883 tuor
1478 1829 1634 1884 festos
1647 1828 1760 1882 dies
1775 1830 2040 1901 agitantia
2058 1833 2356 1899 novilunio,

1331 1922 1384 1963 et
1403 1911 1543 1961 lunae
1562 1907 1965 1980 quadrantibus.
1975 1910 2174 1966 Scribit
2186 1913 2355 1967 Unus

1333 1991 1451 2042 Bm
1469 2027 1486 2054 ,
1512 1988 1569 2041 in
1599 1988 1739 2041 libro
1764 2008 1923 2059 quem
1938 1990 2353 2063 inscripsit,Ta-

1329 2068 1519 2121 varikh
1532 2106 1549 2134 ,
1583 2069 1688 2121 hoc
1732 2081 1810 2122 eat
1823 2108 1840 2133 ,
1881 2069 2112 2141 Epochae
2127 2111 2144 2133 ,
2172 2070 2358 2125 Persas

1330 2166 1441 2201 non
1471 2149 1667 2202 habere
1704 2146 2069 2203 hebdomadas
2086 2171 2101 2202 ε
2124 2148 2218 2203 sed
2246 2151 2354 2205 ain-

1329 2228 1483 2300 gulos
1509 2226 1623 2281 dies
1650 2229 1907 2299 cujusque
1936 2229 2131 2283 mensis
2168 2231 2350 2301 appel·

1331 2307 1441 2361 lare
1482 2308 1703 2379 proprio
1738 2307 1978 2361 nomine.
2023 2309 2094 2362 At
2135 2326 2201 2361 ex
2245 2329 2353 2381 quo

1330 2386 1698 2443 Mahumetani
1716 2400 1863 2445 sunt,
1883 2402 2167 2443 numerant
2181 2389 2355 2445 Persoe

1330 2464 1445 2519 dies
1492 2463 1869 2531 hebdomada,
1912 2480 1974 2520 ut
2020 2468 2229 2521 Arabes
2250 2488 2265 2522 :
2303 2484 2357 2524 et

1331 2544 1477 2598 diem
1524 2544 1751 2597 Veneris
1800 2562 2004 2597 sacrum
2035 2548 2234 2599 habent
2252 2586 2270 2613 ‚
2296 2563 2356 2603 ut

1330 2641 1429 2675 noa
1454 2623 1818 2676 Dominicnm.
1845 2625 1927 2675 Ita
1954 2636 2007 2675 et
2031 2625 2251 2683 Turcoe,
2295 2641 2356 2681 ut

1332 2700 1585 2766 diximus,
1612 2721 1675 2755 ex
1700 2701 2357 2758 Mahumetismo.Cathai-

1331 2782 1386 2833 ni
1415 2780 1649 2852 denique
1668 2794 1719 2834 et
1741 2782 1931 2833 Turcae
1952 2782 2229 2836 orientales
2245 2803 2355 2838 non

1333 2860 1535 2915 habent
1576 2858 1935 2914 hebdomadas
1948 2898 1965 2925 ‚
2010 2859 2103 2914 sed
2143 2863 2355 2933 cyclum

1333 2940 1599 3010 sexaginta
1630 2939 1857 2993 dierum.
1882 2938 2157 2997 Cathaiani
2178 2954 2356 2995 tamen

1335 3020 1535 3074 habent
1552 3020 1708 3073 etiam
1733 3020 1943 3091 cyclum
1966 3021 2189 3073 alterum
2204 3024 2359 3093 quin-

1334 3099 1511 3153 decim
1537 3096 1765 3153 dierum.
1793 3096 1937 3151 Vide
1972 3098 2357 3155 Bibliothecam

1337 3178 1549 3233 Orient.
1580 3180 1646 3233 D.
1672 3172 2041 3233 D’Hnnnnooe
2056 3214 2075 3242 ‚
2097 3198 2217 3252 pag.
2244 3201 2269 3237 ι
2283 3200 2350 3235 aa

1337 3270 1392 3313 et
1443 3264 1575 3329 ⁴¹7·
1630 3258 1843 3311 Heln-ni
1880 3257 2067 3313 dicunt
2124 3261 2357 3331 primam

1338 3338 1564 3399 sabbati,
1606 3336 1889 3391 secundam
1913 3378 1930 3403 ‚
1970 3339 2179 3393 tertiam
2194 3381 2211 3408 ,
2256 3354 2356 3396 etc.

1338 3417 1517 3471 Latini
1534 3416 1823 3485 Christiani
1840 3417 1985 3471 diem
2004 3419 2171 3473 Luna
2182 3458 2200 3484 ,
2218 3422 2361 3475 Mar-

1339 3498 1436 3562 tis,
1460 3497 1749 3563 Mercurii,
1790 3510 1893 3552 etc.
1919 3497 2097 3552 Greci
2120 3517 2231 3554 non
2255 3502 2360 3566 sic,

1339 3574 1435 3630 aed
1454 3573 1690 3648 δευτέραν
1704 3615 1721 3642 ,
1744 3580 1910 3647 τρίτην
1929 3618 1946 3644 ,
1962 3578 2200 3650 τετάρτην
2218 3622 2233 3645 ,
2257 3594 2357 3636 etc.

1341 3660 1429 3717 τῆς
1457 3651 1763 3727 ὗὸδομάδος.
1790 3656 1972 3711 Hum-

1425 3742 1477 3799 4.
1513 3737 1663 3806 Quia.
1713 3737 1854 3801 Quia
1877 3730 2040 3789 ‘Luna
2089 3750 2201 3791 tum
2241 3739 2363 3791 satis

1340 3814 1537 3869 virium
1562 3816 1753 3876 habet,
1782 3834 1881 3870 nec
1904 3817 2149 3887 pei-venit
2186 3816 2363 3871 adhuc

1343 3894 1410 3949 ad
1442 3893 1739 3949 ‘dimidiam
1776 3897 1857 3949 sui
1908 3896 2325 3967 magnitudinem
2350 3936 2367 3960 ‚

1350 4002 1372 4023 ι
1394 3990 1553 4047 quam
1567 3972 1658 4028 die
1678 3988 1881 4029 tantum
1902 3977 2121 4047 septima
2144 3976 2323 4030 habet.
2337 4002 2360 4023 ι

1950 4082 2085 4169 4¹²
