2850 4684
1084 331 1399 456 LuiER
1451 387 1662 458 XVI.

2286 395 2440 488 479

308 521 509 592 bibus
565 522 637 590 in
683 516 1011 588 vestibulo
1074 516 1333 588 domus.
1383 522 1474 592 Et
1522 519 1626 590 hae
1671 533 1900 614 gentes
1921 569 1940 604 ,
1995 522 2048 590 si
2091 522 2444 594 vincantur

308 627 515 698 hodie
532 651 567 696 a
590 623 839 721 populo
866 616 1143 694 romano
1170 623 1417 696 servire
1446 651 1516 694 se
1551 623 1812 696 dicunt!
1848 630 1952 696 Ita
1977 641 2080 698 est
2103 627 2440 722 profecto:

310 732 539 802 multis
575 732 844 802 fortuna
862 715 908 754 ¹⁵
937 731 1153 825 parcit
1175 731 1243 799 in
1280 755 1547 826 poenam
1565 715 1633 800 ¹⁶.

420 841 511 908 H.
554 836 753 908 Aliud
782 862 819 908 e
854 835 1035 906 silvis
1074 837 1469 906 miraculum
1506 863 1522 905 τ
1562 851 1772 908 totam
1812 835 2130 932 reliquam
2173 841 2444 920 Germa-
2483 875 2506 911 1

310 946 493 1015 niam
531 943 823 1040 replent,
850 941 1236 1036 adduntque
1260 942 1492 1038 frigori
1517 944 1786 1014 umbras
1814 970 1830 1012 ε
1861 943 2187 1016 altissimae
2221 961 2444 1016 tamen

310 1051 497 1121 haud
552 1047 786 1146 procul
836 1073 1037 1144 supra
1085 1046 1277 1120 dictis
1322 1049 1610 1120 Chaucis
1629 1103 1649 1136 ,
1689 1052 1866 1120 circa
1899 1050 2068 1122 duos
2112 1054 2444 1148 praecipue

309 1156 497 1228 lacus
522 1155 563 1226 ¹.
603 1159 861 1227 Littora
904 1157 1045 1250 ipsa
1085 1154 1390 1226 obtinent
1437 1179 1720 1250 quercus
1738 1209 1760 1244 ,
1800 1159 2088 1227 maxima
2134 1157 2444 1229 aviditate

310 1261 680 1334 nascendi:
733 1260 1161 1356 suffossaeque
1202 1261 1550 1349 fluctibus,
1602 1276 1720 1331 aut
1756 1263 2087 1358 propulsae
2139 1264 2402 1334 flatibus
2424 1317 2444 1350 ‚

310 1383 536 1439 vastas
579 1366 930 1462 complexu
966 1367 1265 1436 radicum
1296 1365 1547 1437 insulas
1590 1392 1814 1438 secum
1857 1369 2167 1440 auferunt
2195 1396 2211 1438 z
2244 1385 2444 1466 atque

312 1475 409 1544 ita
449 1465 699 1544 libratae
742 1487 988 1544 stantes
1038 1476 1355 1569 navigant
1403 1475 1771 1569 ingentium
1827 1499 2164 1546 ramorum
2223 1500 2440 1546 arma-

312 1578 620 1667 mentis²‚
656 1603 828 1674 saepe
856 1580 1096 1650 territis
1124 1578 1440 1650 classibus
1477 1582 1756 1666 nostriS‚
1797 1607 2002 1675 quum
2047 1580 2228 1651 velut
2253 1582 2444 1651 indu·

310 1689 475 1756 stria
518 1685 826 1756 fluctibus
868 1699 1222 1780 agerentur
1257 1687 1322 1753 in
1362 1671 1632 1781 proras³
1677 1688 1989 1755 stantium
2028 1702 2269 1774 noctu,
2305 1689 2443 1757 ino-

311 1817 563 1888 pesque
616 1790 889 1861 remedii
936 1788 1061 1860 illae
1080 1841 1100 1872 ,
1157 1789 1454 1885 praelium
1504 1791 1738 1860 navale
1796 1793 2113 1864 adversus
2173 1793 2444 1864 arbores

314 1900 575 1968 inirent.
620 1884 785 1988 (ΠΣ)
836 1899 917 1964 In
966 1895 1195 1965 eadem
1253 1896 1773 1992 septemtrionali
1847 1897 2042 1994 plaga
2096 1901 2442 1994 Hercyniae
2480 1939 2510 1971 α

312 1993 531 2074 silvae⁴
556 2002 873 2072 roborum
904 2003 1171 2090 vastitas
1194 2003 1444 2071 intacta
1469 2004 1624 2072 aevis
1641 2057 1659 2086 ‚
1689 2016 1758 2071 et
1779 2009 2128 2100 congenita
2155 2005 2406 2074 mundo
2423 2057 2441 2086 ‚
2537 2053 2545 2066 ·

312 2134 529 2205 prope
558 2106 912 2178 immortali
940 2121 1116 2178 sorte
1144 2106 1462 2178 miracula
1483 2107 1758 2178 excedit.
1781 2111 1880 2180 Ut
1906 2108 2032 2180 alia
2053 2113 2446 2181 omittantur

314 2216 450 2286 fide
477 2216 762 2285 caritura
792 2239 807 2284 τ
841 2227 1102 2284 constat
1128 2213 1340 2284 attolli
1367 2200 1606 2283 colles⁵
1635 2219 2128 2286 occursantium
2167 2219 2341 2287 inter
2376 2241 2448 2286 se

314 2322 617 2392 radicum
649 2345 1077 2415 repercussu:
1102 2334 1219 2389 aut
1242 2319 1360 2389 ubi
1388 2333 1667 2415 sequuta
1692 2320 1884 2392 tellus'
1907 2348 2044 2393 non
2071 2325 2152 2393 sit
2168 2377 2188 2410 ‚
2219 2306 2450 2393 arcus⁶

314 2429 404 2500 ad
436 2452 657 2498 ramos
694 2451 941 2521 usque,
978 2441 1047 2496 et
1073 2427 1253 2521 ipsos
1292 2426 1465 2496 inter
1497 2451 1566 2496 se
1607 2428 1956 2516 rixantes7,
1997 2431 2262 2499 curvari
2304 2453 2452 2524 por·

406 2575 494 2630 15.
512 2573 688 2628 Multis
706 2576 939 2642 sor-euna,
996 2584 1094 2626 etc.
1119 2571 1342 2625 Publius

314 2653 605 2708 Laberius:
635 2654 902 2707 ·Fortuna
926 2651 1102 2704 multis
1122 2668 1342 2722 parcere

314 2734 375 2788 in
402 2753 615 2806 poenam
634 2733 789 2786 solet.
822 2757 845 2779 ι
875 2733 1077 2784 ΒΑιιο.

408 2814 681 2868 16.Parcie
702 2816 753 2864 in
771 2831 829 2883 p.
860 2810 1015 2864 MSS.
1036 2812 1249 2879 parvior.
1274 2807 1343 2862 Η.

401 2893 476 2946 11.
508 2912 557 2946 r.
590 2893 734 2946 Circa
757 2891 875 2944 duos
908 2891 1057 2942 lacus.
1079 2887 1343 2942 Locorum

316 2972 507 3026 faciem
552 2972 771 3026 mutavit
827 2969 987 3024 maris
1040 2966 1339 3032 violentia3

1429 2583 1551 2626 tur:
1577 2592 1606 2627 a
1631 2573 1868 2627 Neccaro
1893 2573 1958 2627 ad
1977 2574 2214 2626 Moenum
2233 2612 2248 2636 ‚
2278 2573 2454 2626 Oeten·
2571 2569 2586 2588 ‘

1431 2653 1582 2703 walde
1602 2671 1622 2704 .·
1647 2672 1676 2705 a
1711 2654 1893 2704 Moeno
1920 2671 2085 2723 usque
2119 2650 2187 2705 ad
2225 2651 2451 2706 fluvium

1429 2731 1669 2794 huam,
1712 2749 1872 2803 quem
1936 2742 1990 2783 et
2050 2731 2220 2782 Mosae
2261 2742 2455 2783 vocant

1429 2827 1600 2882 prope
1627 2807 2043 2874 confluentiam,
2081 2809 2452 2864 Westetwaldt.

1429 2887 1570 2941 Inde
1621 2887 1970 2942 Franconiam
2031 2888 2100 2942 ab
2159 2889 2338 2941 Hassia
2400 2901 2456 2942 et

1424 2967 1726 3039 'thuringia
1742 2964 2012 3031 dividens,
2034 2968 2090 3020 in
2109 2966 2419 3022 Bohemiam
2437 3005 2453 3033 ,

316 3071 487 3126 eaque
505 3052 625 3104 loca
642 3069 787 3104 nunc
808 3069 979 3116 mare,
1004 3045 1150 3121 quod
1162 3047 1339 3120 appel·
1427 3047 1743 3110 moraviam,
1754 3047 2081 3107 Sarmatiam,
2099 3047 2452 3113 Pannoniam,

314 3133 437 3186 lant
459 3131 723 3184 Zuiderse‘e
739 3168 755 3194 ‚
782 3143 845 3183 ut
867 3128 1101 3183 diximus
1118 3127 1216 3180 lib.
1238 3127 1341 3194 lv,

318 3229 444 3282 cap.
478 3229 572 3280 ²9·
601 3207 787 3262 Han.

410 3309 463 3342 2.
515 3289 857 3341 Ans-amentis.
915 3288 994 3341 Ut
1040 3285 1344 3359 ingentibus

318 3367 515 3432 armis,
546 3385 643 3420 ceu
664 3366 795 3420 velis
812 3368 1023 3420 navium
1038 3405 1054 3431 ,
1090 3380 1144 3420 et
1170 3384 1344 3420 anna-

318 3449 544 3513 mentis,
574 3446 789 3510 classes,
812 3464 933 3518 quae
971 3447 1055 3498 his
1094 3463 1346 3500 occurre-

318 3539 474 3585 rent.
502 3538 851 3580 terrerentur.
877 3525 1059 3578 Hm.

412 3605 463 3660 3.
492 3607 555 3660 ln
569 3624 760 3675 prom.
790 3603 855 3656 In
892 3621 1077 3674 proras
1098 3603 1345 3667 navium,

322 3705 447 3759 quo
461 3697 623 3739 noctu
649 3683 855 3736 stabant
884 3683 1135 3734 immoto.
1184 3682 1253 3734 Η.

410 3771 463 3830 4.
492 3765 749 3836 Her-eruite
772 3763 924 3815 silue.
955 3761 1110 3814 Melo
1142 3759 1345 3832 Hercy-

325 3845 431 3898 nia
451 3845 596 3898 silve
621 3838 935 3913 magnitudo
956 3839 1217 3910 sexaginta
1240 3838 1351 3892 die-

326 3943 451 3978 rum
476 3923 683 3978 itineris
708 3933 785 3977 est
814 3921 883 3976 ab
909 3921 1045 3973 Istro
1082 3937 1247 3991 usque
1282 3916 1349 3972 sd

330 4004 641 4058 Noecarum.
664 4001 741 4056 En
780 3999 1187 4054 Schwartzwatde
1218 3996 1350 4051 dici-

1429 3127 1588 3180 Getns
1612 3127 1908 3199 porrigitur
1925 3167 1942 3192 ,
1985 3128 2144 3182 variis
2189 3127 2454 3200 appellata

1428 3205 1756 3260 nominibus.
1777 3208 1983 3260 Dauo.

1514 3285 1568 3340 5.
1623 3287 1806 3339 Attolli
1861 3287 2021 3340 colles.
2078 3285 2166 3340 Ob
2211 3284 2454 3340 radicum

1432 3365 1626 3418 molem
1645 3376 1699 3419 et
1709 3383 1988 3420 occursum
2004 3404 2020 3432 ,
2033 3367 2086 3420 in
2104 3367 2265 3420 colles
2283 3367 2455 3419 solum

1431 3444 1794 3498 intumescere.
1819 3442 2004 3500 Hau.

1517 3527 1570 3578 6.
1593 3526 1773 3578 Arcus.
1796 3523 1906 3576 Ubi
1930 3537 2070 3579 terra
2089 3525 2249 3579 fua-it
2266 3523 2456 3589 levior,

1433 3603 1940 3675 erumpentibusque
1982 3603 2250 3660 radicibus
2289 3621 2456 3658 cesse-

1435 3683 1507 3736 rit
1526 3717 1543 3744 ‚
1590 3683 1666 3736 ibi
1712 3683 1942 3756 arrigere
1985 3703 2096 3738 sese
2147 3682 2348 3738 radices
2403 3683 2458 3735 in

1435 3779 1650 3830 arcum,
1697 3783 1788 3817 seu
1831 3763 2088 3819 fornicem
2111 3800 2126 3822 2
2169 3760 2240 3817 ad
2287 3779 2462 3816 ramos

1435 3859 1620 3912 usque.
1643 3839 1820 3895 Eun.

1517 3939 1570 3992 7.
1597 3921 1846 3978 Renum.
1875 3923 2074 3977 Collisu
2107 3921 2280 3976 veluti»
2303 3917 2462 3970 dimi·

1439 4012 1632 4054 cantes.
1661 4001 1844 4054 Hsnn.
