2850 4684
1032 416 1111 482 C.
1162 413 1500 481 PLINII
1547 413 1758 481 NAT.
1809 414 2056 483 HIST.

1745 543 2212 640 ¹proveniens
2234 602 2255 633 ‚
2289 564 2360 619 et
2399 552 2610 622 nutriss

488 406 627 505 570

482 567 763 613 remur.
814 542 969 614 alibi
1006 570 1141 615 non
1176 548 1303 614 nisi
1344 548 1412 615 in
1465 530 1738 640 tepore³

482 636 1135 745 cem³²1nagnopere
1174 651 1526 722 fastidiens.

361 837 363 840 Ι
419 785 442 819 1
588 760 783 827 LXI.
812 760 951 827 Nec
990 771 1179 828 terrae
1216 757 1514 827 tantum¹
1567 772 1807 827 natura
1837 760 2017 827 circa
2055 758 2176 827 has
2211 761 2450 849 refert,
2495 778 2610 834 aut

479 878 802 958 perpetua
852 863 989 933 caeli
1008 914 1027 949 ,
1093 887 1329 933 verum
1380 878 1448 933 et
1508 863 1809 958 quaedam
1866 867 2264 959 temporaria
2318 869 2418 936 vis
2479 871 2604 937 im-

477 968 693 1038 brium
721 967 763 1038 ².
832 972 1035 1065 Aquae
1102 968 1492 1064 plerumque
1559 972 1804 1039 semina
1867 970 2158 1040 afferunt
2215 1000 2231 1040 :
2291 987 2361 1042 et
2419 990 2605 1045 certo

476 1061 730 1143 fluunt³
763 1099 1040 1170 genere,
1066 1074 1419 1170 aliquando
1456 1064 1651 1145 etiam
1683 1076 2072 1171 incognito.
2112 1065 2336 1171 quod⁴
2368 1080 2608 1150 accidit

476 1183 853 1301 Cyrenaicae
888 1183 1181 1276 regioni,
1221 1208 1425 1278 quum
1463 1184 1749 1277 primum
1795 1182 1884 1249 ibi
1925 1182 2328 1313 laserpitium
2373 1200 2604 1255 natum

474 1300 616 1356 est:
663 1303 735 1357 ut
776 1289 845 1356 in
887 1288 1244 1357 herbarum
1278 1304 1517 1357 natura
1546 1274 1904 1357 dicemus⁵.
1933 1288 2108 1357 Nata
2151 1276 2289 1381 est⁶
2333 1305 2402 1360 et
2441 1291 2606 1361 silva

474 1394 621 1461 urbi
666 1396 725 1462 ei
779 1397 1117 1486 proxima,
1168 1396 1379 1464 imbre
1429 1396 1618 1489 piceo
1677 1417 2064 1489 crassoque,
2107 1398 2372 1466 circiter
2421 1398 2603 1467 urbis

476 1502 709 1569 Romae
745 1524 991 1569 annum
1023 1500 1400 1573 ccccxxx⁷.

584 1598 1133 1701 Lxll.(xxx1v.)
1171 1607 1387 1677 Edera
1408 1606 1544 1701 jam
1564 1604 1581 1629 ¹
1609 1606 1848 1675 dicitur
1869 1610 1939 1677 in
1965 1610 2119 1677 Asia
2151 1610 2330 1679 nasci
2357 1635 2372 1677 :
2402 1594 2602 1704 nega·

475 1793 527 1833 et
552 1780 677 1834 inde
700 1782 823 1835 Albi
850 1781 995 1835 dicti.
1024 1782 1195 1835 Sum.
1212 1814 1293 1825 --
1314 1781 1490 1834 Athos.

474 1858 687 1913 Montes
710 1860 792 1913 illi
819 1862 942 1915 Albi
972 1875 1096 1915 sunt
1124 1864 1189 1913 les
1214 1873 1492 1931 montagnes

474 1938 534 1991 de
554 1940 605 1990 la
626 1938 853 2007 SsucMa.
870 1947 981 2012 pres
998 1942 1057 1993 de
1086 1943 1137 1993 la
1159 1942 1334 1995 Cane'e.
1355 1940 1490 2006 Qun

472 2018 677 2073 Plinius
695 2020 781 2073 hic
800 2020 979 2091 prodit
1002 2020 1071 2075 de
1094 2040 1339 2093 cupresso
1352 2021 1494 2074 inter

472 2098 619 2151 nives
632 2114 897 2154 crescente
910 2101 1209 2155 observavit
1224 2101 1494 2153 CLToua·

474 2195 690 2230 aaron·
708 2219 723 2241 ,
756 2181 979 2252 Vosage,
1026 2191 1154 2231 tom.
1193 2181 1248 2242 1,
1288 2198 1344 2249 p.
1380 2180 1450 2231 32
1475 2218 1492 2245 ,

474 2269 529 2308 et
556 2256 750 2311 refutat
789 2276 908 2329 qua
946 2260 1293 2312 calumniatus
1318 2260 1492 2315 fuerat

376 2366 387 2377 ·
469 2334 683 2400 Baton,
718 2336 970 2391 observat.
994 2356 1109 2407 cap.
1146 2337 1198 2389 5.
1220 2338 1389 2392 Bao-r.

552 2414 583 2467 3
600 2416 741 2467 1.ln
766 2428 938 2487 tepore..
961 2418 1318 2488 Theophrast.
1346 2418 1486 2474 Hist.

469 2493 563 2546 lib.
584 2494 821 2567 1V‚eap.
846 2487 985 2550 621'32
1004 2501 1104 2559 τοῖς
1129 2498 1383 2565 sansonie,
1402 2501 1486 2555 καὶ

468 2577 570 2635 τοῖς
590 2578 707 2646 πρὸς
731 2576 1109 2648 μισημῧρίαν,ι
1087 2578 1259 2633 «locis
1273 2579 1486 2651 apricis,

468 2667 519 2707 et
544 2654 839 2710 meridiano
864 2658 964 2710 soli
990 2658 1304 2729 expositis.-
1343 2660 1412 2712 ΙΙ.

552 2734 640 2788 32.
690 2736 766 2789 Et
792 2742 1036 2793 nutribam.
1066 2740 1135 2792 Et
1176 2739 1245 2791 ab
1274 2757 1339 2791 eo
1365 2740 1485 2793 loeo

468 2815 741 2869 transferri
768 2836 1087 2890 magnopere
1114 2818 1355 2889 cupiens,
1386 2820 1486 2871 ubi

467 2894 704 2965 primum
726 2897 831 2951 alta
862 2911 915 2950 et
944 2898 1175 2952 enutrita
1196 2910 1291 2951 est.
1318 2896 1385 2951 H.

547 2976 688 3028 LXI.
726 2994 775 3030 1.
806 2977 913 3031 Nec
952 2990 1091 3031 ειη-ω
1130 2990 1313 3031 tantum
1337 3014 1354 3041 .
1380 2991 1480 3033 etc.

467 3054 606 3125 Lege
628 3074 641 3107 :
668 3083 690 3103 ι
704 3055 816 3109 Nec
850 3068 1001 3108 terrai
1028 3068 1233 3110 tantum
1260 3071 1451 3111 natura
1465 3097 1483 3121 ,

466 3145 566 3187 etc.
594 3135 910 3205 temporaria
936 3136 1045 3200 vis,
1091 3137 1261 3190 imbre
1302 3138 1482 3209 aliquo

464 3212 779 3283 plerumque
806 3213 1001 3267 semina
1030 3216 1299 3271 afferente.
1322 3218 1482 3273 Certe

465 3288 635 3343 fluunt
660 3310 851 3362 genere
886 3292 1170 3364 aliquando
1212 3297 1367 3350 etiam
1394 3298 1479 3351 in·

464 3372 679 3441 cognito
698 3388 711 3424 :
730 3370 903 3443 quod,
926 3388 1025 3427 etc.
1047 3401 1070 3423 ι
1102 3376 1275 3430 Sint.

551 3467 602 3503 a.
630 3450 686 3499 V
683 3454 722 3503 is
753 3452 987 3507 imbrium.
1015 3455 1367 3525 Theophrast.
1409 3458 1479 3513 de

464 3530 617 3583 Ceus.
647 3530 739 3583 lib.
764 3532 822 3595 1,
844 3552 890 3586 c.
922 3534 973 3587 5.
994 3536 1144 3589 MSS.
1173 3537 1297 3608 Reg.
1318 3537 1478 3593 colb.

462 3620 564 3661 etc.
594 3635 617 3656 ι
638 3609 713 3661 vis
728 3610 981 3667 imbrium
1000 3615 1200 3686 aliqua,
1222 3628 1323 3668 etc.
1348 3642 1371 3663 ι
1394 3618 1480 3669 Li-

461 3686 545 3740 bri
565 3687 698 3743 editi
718 3709 731 3741 :
750 3712 771 3734 ι
791 3692 869 3745 vis
884 3691 1081 3747 imbres
1099 3693 1311 3765 aliqua,
1332 3707 1468 3750 etc.-

460 3766 675 3821 Mallem
699 3770 867 3823 imbres
888 3774 1056 3843 ala'qeu‘.
1078 3772 1183 3826 Sed
1218 3775 1476 3829 sincerior

461 3864 521 3900 ea
547 3848 702 3902 lectio
733 3864 837 3914 est,
866 3868 1028 3921 quam
1058 3854 1359 3924 conjectura
1376 3862 1500 3907 no·‘

460 3942 563 3983 stra
590 3928 816 3984 excudit.
838 3929 1019 3985 Haut).

544 4010 593 4062 3.
611 4008 938 4081 Cereoflutme.
954 4014 1115 4066 Nunc
1132 4012 1480 4067 certavehunt

1581 1798 1798 1846 amnes,
1837 1794 1890 1833 et
1925 1781 2134 1851 cognita
2175 1783 2332 1835 nobis
2357 1784 2596 1837 semina:

1579 1878 1726 1913 nunc
1754 1860 1909 1913 etiarn
1940 1862 2085 1932 prius
2116 1862 2402 1932 incognita.
2425 1864 2600 1917 Theo-

1579 1938 1852 2009 phrastus,
1889 1934 2086 1995 Hister.
2109 1940 2202 1995 lib.
2227 1942 2343 2005 111,
2373 1960 2492 2013 cap.
2521 1962 2594 1996 a:
2658 2002 2668 2011 .

1579 2008 1786 2087 ἐνιαχοῦ
1801 2015 2094 2075 nsaiwi-mv
2071 2024 2246 2091 νιέπιγ
2247 2024 2458 2091 νομένων
2481 2018 2602 2075 ἰδιό-

1580 2118 1714 2168 τιρον
1742 2100 1996 2152 dra-ranas
2037 2101 2150 2161 ὕλης
2183 2106 2384 2163 πλῆθος.
2419 2102 2596 2167 Quare

1581 2177 1907 2232 Salmasius
1891 2196 1948 2232 in
1973 2180 2141 2233 Solin.
2167 2200 2286 2253 pag.
2315 2180 2419 2250 173
2439 2216 2458 2241 ‚
2479 2200 2598 2252 per-

1577 2275 1760 2328 peram
1787 2270 1912 2311 certe
1947 2260 2162 2329 reponit
2175 2296 2190 2319 ,
2227 2260 2310 2313 vel
2339 2260 2488 2314 libris
2509 2262 2592 2313 iu-

1580 2336 1717 2391 vitis.
1737 2336 1918 2391 Han.

1659 2422 1713 2480 4.
1734 2418 1884 2488 Quod
1895 2418 2087 2471 accidit.
2101 2418 2284 2472 Refert
2299 2418 2404 2473 boc
2421 2419 2589 2490 ipsum

1575 2495 1925 2567 Theophrast.
1953 2498 2073 2551 loco
2119 2500 2296 2551 citato.
2330 2497 2592 2553 Accidiaae

1574 2592 1697 2629 ann.
1719 2576 1790 2629 U.
1818 2578 1878 2631 C.
1903 2575 2034 2640 136,
2054 2578 2260 2631 Plinius
2281 2578 2394 2649 ipse
2411 2577 2590 2632 admo·

1574 2669 1692 2719 net,
1721 2656 1817 2709 lib.
1839 2657 1994 2715 xlx.
2025 2676 2144 2728 cap.
2173 2658 2261 2711 15.
2285 2659 2472 2712 Haan.

1658 2736 1710 2789 5.
1738 2736 1981 2789 Dicemus.
2004 2736 2123 2789 Lib.
2148 2737 2314 2799 XIX,
2339 2756 2390 2791 c.
2419 2736 2588 2791 15.H.

1655 2818 1708 2867 6.
1744 2816 1878 2869 Nata
1907 2827 1978 2867 est
1997 2828 2048 2867 et
2069 2818 2208 2869 siloa.
2232 2816 2587 2888 Theophrast.

1571 2894 1675 2947 loc.
1705 2895 1797 2948 cit.
1826 2896 2004 2950 Refert
2039 2893 2296 2967 quiddam
2323 2896 2498 2949 simile
2537 2896 2588 2949 in

1572 2974 1824 3036 Pei-avia,
1853 2972 2194 3028 occidentalia
2217 2972 2390 3027 India!
2422 2976 2589 3047 regio-

1571 3071 1672 3119 ne,
1689 3053 1938 3108 accidisse
1965 3055 1997 3105 J
2001 3072 2074 3109 os.
2099 3075 2130 3109 a
2153 3056 2310 3109 Costa
2327 3094 2343 3119 ,
2371 3055 2590 3119 lib.-IV,

1569 3152 1685 3204 cap.
1715 3132 1801 3187 31.
1830 3135 2014 3187 Hann-

1649 3233 1703 3284 7.
1739 3213 2122 3268 CCCCXXX.
2161 3214 2285 3280 Quo
2313 3214 2425 3267 fere
2451 3232 2589 3267 anno

1569 3292 1880 3347 Aristoteles
1917 3294 2090 3357 obiit,
2133 3295 2384 3363 magister
2411 3294 2588 3347 Theo·

1569 3373 1802 3445 phrasti3
1855 3386 1906 3427 et
1966 3391 2075 3444 quo
2116 3374 2338 3425 Darium
2393 3372 2590 3427 devicit

1569 3450 1886 3507 Alexander.
1929 3454 2000 3505 Η.
2041 3484 2120 3495 --
2158 3470 2350 3505 cxxxvi
2387 3472 2454 3505 ex
2493 3453 2584 3505 lib.

1569 3534 1648 3595 IX
1660 3570 1676 3596 ‚
1696 3552 1810 3603 cap.
1839 3533 1894 3586 3.
1913 3534 2052 3585 Nam
2071 3533 2198 3585 urbs
2217 3532 2444 3601 Cyrene
2467 3550 2590 3585 con·

1568 3611 1680 3665 dita
1709 3626 1784 3665 est
1815 3632 1903 3665 an.
1935 3613 2085 3664 urbis
2112 3613 2294 3664 Rom-‘e
2327 3611 2469 3674 1433
2497 3610 2588 3665 de·

1569 3691 1723 3744 fluxit
1751 3703 1926 3745 autem
1948 3692 1992 3743 is
2013 3691 2187 3743 imber
2209 3690 2360 3743 annis
2383 3703 2587 3762 septem

1567 3772 1873 3843 priusquam
1903 3768 2240 3823 conderetur.
2259 3772 2466 3823 Daue.

1643 3852 1816 3905 LXII.
1847 3868 1891 3904 1.
1915 3850 2084 3903 Edem
2097 3853 2232 3920 jam,
2259 3862 2360 3903 etc.
2389 3849 2586 3901 Hedera

1565 3932 1718 3984 Helix
1755 3930 2018 3999 (Pentand.
2059 3950 2249 4001 monog.
2285 3946 2409 3999 gen.
2449 3930 2580 3998 576,

1567 4011 1706 4065 Pers.
1731 4010 1912 4064 Genus
1935 4010 2148 4063 familiae
2179 4008 2580 4079 Capris'oliaoear.
