2850 4684
507 369 647 442 168

1011 367 1495 440 C PL1N11
1546 369 1767 437 NAT.
1824 368 2083 438 HIST.

493 518 562 571 et
593 502 742 572 cibo
773 501 1038 596 quidem
1061 551 1082 586 ,
1123 501 1237 571 sed
1273 514 1342 569 et
1377 523 1579 570 succo
1620 500 1995 568 uberrimae.
2037 501 2143 568 Ex
2176 499 2417 594 quibus
2450 524 2640 629 pra}-

497 611 695 704 cipua
727 608 886 676 vina
911 593 1230 677 Orienti¹³
1237 607 1505 700 ,iniqua
1538 605 1823 700 capiti'‚
1776 593 2025 675 ⁴unde
2054 631 2258 726 pomo
2280 604 2575 675 nomen¹
2616 657 2637 674 .

495 716 626 784 Sed
661 729 736 784 ut
773 714 964 810 copia
1010 715 1099 782 ibi
1133 727 1330 807 atque
1367 711 1704 798 fertilitas,
1750 713 1839 781 ita
1885 711 2253 782 nobilitas
2234 738 2303 780 m
2348 712 2596 782 Judaea
2616 763 2638 797 ,

495 823 712 890 necin
737 835 913 904 tota,
945 820 1060 889 sed
1085 803 1535 890 Hiericunte&
1566 819 1865 888 maxime.
1894 819 2329 965 Quanquam9
2335 817 2639 892 laudatas

494 941 561 995 et
607 871 1063 996 Archelaide¹⁷
1083 979 1101 1013 ,
1157 940 1225 995 et
1271 910 1677 995 Phaselide&
1682 977 1703 1011 ‚
1747 939 1945 1020 atque
1988 922 2329 994 Liviade¹⁹
2340 977 2360 1009 ‚
2406 925 2637 1042 gentis

492 1032 783 1126 ejusdem
821 1029 1249 1103 convallibus.
1301 1034 1446 1100 Dos
1494 1030 1599 1099 his
1633 1031 1962 1125 praecipua
2008 1055 2209 1100 succo
2244 1031 2477 1125 pingui
2516 1028 2625 1098 la-

492 1139 818 1210 ctentibus
852 1165 867 1208 :
905 1138 1326 1244 quodamque

497 1427 519 1447 ι
548 1401 722 1454 Aurea
761 1401 1054 1474 porrigitur
1110 1401 1232 1460 ..Iani
1290 1413 1505 1471 caryota

489 1479 759 1546 kalendis3
799 1479 903 1534 sed
951 1495 1127 1535 tamen
1165 1482 1272 1536 hoc
1309 1499 1507 1534 munus

489 1559 737 1631 pauperis
776 1579 885 1614 esse
917 1561 1068 1616 solet.
1094 1585 1117 1606 ι
1173 1561 1386 1632 Quippe
1415 1562 1508 1614 ka·

487 1637 661 1693 lendis
679 1640 934 1710 januariis
960 1641 1301 1694 mittebantur
1329 1660 1362 1694 a
1380 1659 1513 1712 pau·

489 1719 706 1789 peribus
733 1721 984 1790 palmulae
1017 1722 1297 1785 inauratae,
1337 1732 1399 1773 ut
1423 1740 1508 1773 re·

489 1797 596 1850 fert
624 1799 658 1850 J
663 1837 678 1850 .
706 1797 891 1870 Scalig.
912 1801 969 1852 in
993 1799 1195 1854 Tibull.
1219 1801 1315 1853 lib.
1343 1801 1388 1853 Ι.
1420 1800 1503 1854 cf.

487 1877 720 1932 Martial.
745 1891 782 1931 t.
801 1880 904 1944 111,
920 1898 977 1950 p.
993 1883 1094 1933 106
1115 1878 1200 1932 ed.
1221 1891 1358 1933 nost.
1372 1878 1475 1932 En.

574 1975 598 2010 ι
613 1957 664 2010 3.
729 1959 814 2017 Es.-
871 1961 1039 2032 quibus
1089 1964 1338 2031 praecipua
1385 1961 1508 2022 ‘vina

495 2035 703 2088 Orienti.
749 2037 796 2090 E
831 2037 1079 2110 Chydaeis
1123 2037 1341 2092 maturis
1389 2037 1508 2090 fieri

488 2127 671 2168 auctor
714 2117 900 2169 scribit
942 2118 1041 2169 lib.
1071 2117 1230 2182 XIV,
1257 2134 1374 2187 cap.
1415 2121 1505 2170 16.

486 2193 699 2247 Diuo.
723 2225 802 2234 —-
831 2197 1038 2248 Orienti.
1074 2196 1339 2248 Arabibus
1365 2196 1506 2248 scili·

487 2284 606 2338 cet,
644 2283 706 2326 ut
743 2273 947 2328 dictum
993 2287 1070 2327 est
1109 2275 1206 2328 lib.
1233 2275 1347 2340 Vl,
1385 2293 1503 2344 cap.

489 2351 594 2418 32,
632 2353 880 2428 aliisque,
918 2365 978 2406 ut
1002 2351 1207 2412 dicetur
1229 2353 1323 2408 lib.
1352 2353 1506 2419 XIV,

485 2429 918 2506 cap.19.HAnn.

573 2518 662 2578 14.
693 2513 870 2586 Iniqua
895 2515 1058 2583 capiti.
1099 2511 1276 2566 Diosc.
1309 2513 1403 2566 lib.
1434 2513 1505 2580 V,

481 2581 918 2665 cap.4o:1'ssoti
950 2588 1008 2647 δὲ
1034 2588 1157 2653 ἡδὺς
1187 2593 1310 2662 μὲν,
1353 2612 1505 2662 κιφα-

479 2673 660 2743 λιιλγὴς
693 2667 773 2725 δι’.
801 2673 987 2726 Hum-

567 2751 650 2806 15.
673 2753 960 2824 Undepomo
981 2771 1164 2804 nomen.
1181 2750 1389 2822 Nempe
1402 2753 1503 2804 ἀπὸ

483 2837 566 2885 τοῦ
599 2837 760 2903 κάρος.
790 2833 927 2885 Du..
966 2863 1047 2875 —
1079 2831 1218 2883 Unde
1236 2851 1380 2902 pomo
1413 2851 1501 2884 no·

479 2930 600 2964 men.
625 2911 782 2965 Forte
804 2913 1030 2980 rectius,
1053 2913 1151 2964 ἀπὸ
1181 2915 1264 2963 τοῦ
1291 2914 1499 2986 καρύου,

481 3009 600 3060 quae
625 3009 728 3042 vox
756 3006 946 3043 nucem
975 3003 1155 3054 sonat,
1178 2993 1291 3062 ejus
1318 2992 1505 3062 appel-

479 3067 691 3122 lationis
775 3068 1179 3139 originationem
1239 3069 1501 3136 duxeris,

479 3165 640 3218 quam
669 3165 700 3200 a
729 3147 851 3218 κάρη
881 3148 963 3200 vel
994 3149 1137 3221 κάρος
1156 3188 1171 3214 ,
1191 3149 1298 3203 hoc
1329 3163 1405 3202 est
1428 3187 1443 3213 ,
1470 3169 1503 3204 a

478 3245 670 3298 sopore
687 3239 741 3280 et
759 3226 1047 3297 gravedine
1067 3229 1271 3300 capitis.
1299 3227 1437 3282 Nam
1456 3229 1499 3282 si

479 3305 608 3358 inde
637 3324 835 3359 nomen
864 3307 1014 3377 quod
1051 3307 1175 3361 vina
1207 3327 1272 3360 ex
1310 3307 1500 3362 harum

477 3385 730 3438 arborum
757 3386 1003 3454 palmulis
1039 3405 1278 3458 expressa
1295 3425 1311 3452 ,
1345 3407 1498 3458 καρη-

477 3461 662 3534 Εαρίαν,
689 3465 947 3536 gignunt,
997 3477 1305 3538 tentantque
1351 3485 1497 3520 cere-

475 3543 634 3596 brum
649 3583 664 3608 ,
681 3546 790 3614 jam
810 3563 906 3616 per
924 3545 1066 3610 ἰῶτα,
1087 3565 1194 3599 ιιοιι
1217 3565 1317 3616 per
1337 3547 1497 3615 ὑψιλὸν

472 3620 722 3676 notando
791 3623 1088 3677 Cariotides
1151 3623 1495 3680 videbuntur.

474 3701 728 3773 Can-yotas
770 3701 952 3756 laudat
998 3704 1276 3761 Petronius
1320 3704 1495 3776 Satyr.

469 3797 590 3852 pag.
623 3787 744 3845 140.
773 3779 955 3836 mun.

557 3865 645 3914 ιδ.
678 3861 978 3919 Hiericunte.
1029 3861 1200 3934 Hujus
1238 3860 1348 3932 agri
1378 3863 1495 3933 pal·

467 3953 676 4004 metum
713 3955 774 4000 ut
800 3941 900 3996 sihi
925 3943 1187 3996 locaretur
1204 3979 1220 4006 ‚
1254 3939 1496 3996 Herodes

467 4037 655 4092 magna
695 4021 941 4078 mercede
991 4043 1020 4078 a
1067 4021 1377 4094 Cleopatra,
1403 4024 1490 4075 cui

1349 1134 1398 1161 ²⁰
1450 1138 1587 1206 vini
1628 1159 1864 1231 sapore
1911 1138 1981 1206 in
2037 1135 2232 1206 melle
2278 1133 2629 1230 praedulci.

1590 1399 1722 1454 illud
1749 1403 2010 1455 Antonius
2035 1401 2216 1454 eximii
2236 1400 2476 1453 muneris
2498 1401 2629 1453 loco

1592 1479 1813 1534 dederat
1841 1518 1857 1546 ,
1914 1481 2232 1552 impetravit.
2281 1483 2489 1534 Auctor
2546 1493 2629 1532 est

1594 1561 1812 1632 loseph.
1834 1562 1893 1613 Β.
1912 1560 2041 1616 Jud.
2064 1559 2161 1613 lib.
2188 1562 2216 1612 1
2238 1597 2254 1625 ,
2282 1577 2400 1630 cap.
2432 1561 2523 1612 13.
2550 1559 2623 1618 H.

1680 1657 1763 1710 17.
1792 1640 2100 1694 Archelaide.
2144 1641 2318 1710 Prope
2344 1638 2627 1691 Hiericun-

1596 1732 1811 1772 tem.-—
1840 1719 2148 1773 Archelaide.
2170 1719 2478 1790 Dslecamp.
2504 1719 2559 1776 h.
2582 1717 2623 1769 l.

1596 1811 1650 1852 et
1678 1799 2000 1871 Cappadocia
2012 1837 2028 1864 ‚
2048 1798 2223 1870 inquit
2239 1838 2256 1862 ‚
2283 1798 2585 1850 Archelaide
2604 1836 2623 1860 ‚

1594 1876 1665 1931 de
1694 1897 1798 1949 qus
1834 1879 2089 1933 nimirum
2130 1877 2224 1930 lib.
2272 1879 2382 1941 vl,
2410 1895 2535 1948 cap.
2566 1875 2621 1928 3.

1597 1957 1777 2025 Quid?
1790 1957 2011 2010 Adeone
2022 1957 2224 2010 Plinius
2245 1956 2409 2028 stipes
2429 1957 2551 2021 fuit,
2564 1969 2621 2007 ut

1596 2036 1961 2091 Archelaidem
1991 2033 2368 2107 Cappadociae‚
2423 2035 2623 2088 Judaeae

1594 2117 1887 2170 convallem
1910 2135 2018 2169 esse
2044 2115 2347 2186 putaverit?
2370 2115 2498 2169 Fuit
2524 2117 2621 2168 Ar-

1594 2195 1789 2248 chelais
1810 2215 1920 2248 non
1940 2193 2293 2266 Cappadocia
2310 2193 2476 2247 modo
2489 2234 2505 2256 ‚
2528 2193 2617 2248 sed

1594 2287 1647 2326 et
1675 2274 1873 2328 Judaeae
1912 2273 2205 2346 oppidum,
2246 2271 2391 2326 haud
2424 2274 2615 2344 procul

1593 2354 1946 2407 Hiericunte:
1988 2359 2041 2406 in
2072 2353 2274 2406 Tabula
2312 2353 2619 2424 Peutingeri

1599 2431 1942 2486 «Hiericunte
1956 2433 2087 2494 XII,
2111 2430 2429 2484 Archelaide
2450 2433 2574 2484 XII.
2588 2460 2609 2478 ι-

1593 2510 1649 2570 si
1682 2524 1856 2565 tamen
1884 2513 1933 2564 ei
1958 2513 2177 2565 Tabulae
2202 2511 2333 2566 fides
2362 2511 2613 2566 habenda

1592 2591 1800 2663 potius,
1845 2610 2003 2665 quam
2045 2590 2222 2644 Plinio
2249 2591 2346 2656 sit,
2377 2591 2475 2662 qui
2506 2611 2613 2644 non

1594 2667 1884 2732 civitatem}
1914 2669 2007 2724 sed
2023 2671 2280 2724 convallem
2298 2671 2331 2722 J
2338 2669 2501 2726 udaeae
2523 2690 2615 2724 vo·

1592 2763 1679 2803 cat
1706 2749 2042 2804 Archelaida.
2071 2751 2250 2804 Ilum.

1677 2849 1700 2882 1
1714 2831 1764 2884 8.
1783 2830 2051 2884 Phaselide.
2066 2825 2376 2890 Φασαηλίδος
2387 2829 2615 2901 palmeta

1589 2907 1768 2962 laudat
1781 2909 2075 2981 Josephus‚
2090 2911 2151 2963 Β.
2160 2911 2194 2960 J
2198 2909 2289 2962 ud
2304 2909 2398 2961 lib.
2414 2910 2487 2974 11,
2502 2929 2613 2981 cap.

1594 2991 1661 3058 8,
1684 3008 1803 3061 pag.
1833 2992 1974 3059 789,
2009 3008 2127 3059 quae
2153 2989 2315 3042 Liviae
2356 2988 2613 3060 Augustae

1588 3081 1895 3122 testamento
1926 3069 2139 3122 Salome
2166 3067 2468 3140 reliquerat.
2500 3067 2612 3122 Ste-

1589 3147 1837 3218 phanus.
1867 3147 2149 3212 Φασαηλὶς,
2201 3149 2339 3209 πόλις
2382 3139 2611 3210 Ῐουδαίας

1590 3227 1688 3281 ἀπὸ
1734 3219 1938 3298 Ἠρῶὃου
1970 3229 2248 3292 κτισθεῖσα,
2292 3233 2378 3280 τοῦ
2416 3248 2610 3298 πρωτου

1589 3307 1826 3372 βασιλέως
1849 3346 1864 3371 ,
1904 3322 2003 3361 etc.
2032 3307 2215 3359 Ηιιιι).

1675 3405 1759 3456 ι9.
1796 3387 2012 3440 Liuiade.
2062 3383 2234 3446 Διῧιὰς
2278 3379 2517 3458 Josepho
2559 3400 2611 3440 et

1587 3465 1871 3520 Ptolemaeo
1926 3467 2065 3519 infra
2128 3465 2489 3518 Machaerunta
2543 3463 2611 3520 ad

1587 3545 1875 3599 Jordanem
1908 3546 2033 3600 urbs
2063 3544 2194 3610 fuit,
2225 3545 2292 3597 ab
2320 3541 2537 3598 Herode
2558 3546 2611 3598 in

1587 3625 1846 3678 honorem
1887 3625 2055 3677 Liviae
2097 3626 2346 3696 Augustae
2376 3623 2605 3682 condita.

1585 3703 1690 3756 Sed
1713 3703 1866 3760 valde
1892 3723 2112 3769 vereor,
2144 3717 2206 3756 nt
2226 3701 2283 3756 id
2308 3722 2429 3758 vere
2459 3716 2607 3757 uter·

1584 3801 1687 3854 que
1714 3784 2002 3855 scripserit.
2028 3783 2213 3836 Hum.

1668 3881 1753 3916 20.
1776 3861 2109 3934 Quodamque.
2129 3863 2198 3914 Et
2224 3860 2506 3933 quemdam
2530 3863 2609 3914 vi-

1580 3941 1635 3995 ui
1682 3941 1957 4014 mellisque
2003 3941 2325 4013 praedulcem
2368 3959 2608 4014 saporem

1580 4021 1755 4076 refert.
1786 4021 1967 4076 Hsnn.
