2850 4684
561 384 706 429 212

1108 357 1188 424 C.
1243 353 1587 424 PLINH
1642 356 1863 423 NAT.
1920 354 2177 422 HIST.

533 485 886 559 'latifundii
927 488 1289 573 taxatione,
1341 486 1394 554 si
1447 487 1593 579 quis
1640 484 1883 579 praedia
1932 486 2099 553 tanti
2148 487 2428 553 mercari
2472 484 2701 555 malit.

491 629 520 662 2
558 592 952 687 Magnitudo
1005 589 1406 686 amplissima
1456 589 1675 659 adhuc
1718 591 1881 676 fuit,
1929 592 2121 659 unius
2178 593 2545 661 commissae
2609 618 2708 662 ex

554 696 889 768 orbibus¹⁰
938 697 1290 766 dimidiatis
1341 696 1638 782 duobuS,
1664 720 1703 764 a
1754 720 1909 790 rege
1964 690 2395 766 Mauretaniae
2446 696 2699 766 Ptole-

553 828 721 874 maeo
739 802 784 827 ¹¹
791 817 1139 898 ,quatuor
1166 802 1408 897 pedum
1452 818 1519 870 et
1562 802 1905 931 semipedis
1938 826 2058 895 per
2090 800 2443 871 medium¹'
2468 803 2701 873 ambi-

553 926 736 996 tum,
790 908 1219 979 crassitudine
1287 892 1774 1001 quadrantali¹³

1780 956 1799 971 .
1873 908 2222 1001 Majusque
2277 907 2697 978 miraculum

551 1018 622 1083 in
657 1039 736 1083 ea
771 1030 872 1085 est
911 1017 1111 1097 artis,
1140 1013 1382 1083 latente
1411 1014 1762 1106 junctura,
1793 1035 1991 1107 quam
2030 1014 2351 1106 potuisset
2380 1038 2531 1083 esse
2562 1039 2695 1083 na-

552 1135 736 1190 turae.
772 1119 1008 1190 Solidae
1052 1134 1270 1188 autem
1322 1144 1361 1188 a
1397 1120 1645 1189 Nomio
1679 1116 1925 1187 Tiberii
1968 1120 2242 1187 Caesaris
2286 1117 2529 1188 liberto
2566 1143 2695 1189 co·—

549 1250 836 1321 gnomen
878 1212 1281 1310 trahentis¹,
1314 1224 1525 1294 tribus
1553 1208 1876 1294 sicilicis¹⁵
1916 1224 2087 1292 infra
2115 1237 2403 1342 quatuor
2436 1226 2691 1319 pedeS,

481 1349 512 1402 3
553 1332 956 1426 totidemque
990 1330 1162 1398 infra
1197 1330 1597 1424 semipedem
1632 1320 2099 1399 crassitudinis.
2146 1332 2349 1417 Qua
2330 1356 2399 1397 in
2440 1356 2514 1398 re
2544 1355 2691 1399 non

547 1436 987 1507 omittendum
1049 1435 1340 1564 videtur,
1385 1434 1655 1503 Tiberio
1704 1436 1989 1528 Principi
2042 1458 2335 1535 mensam
2389 1450 2689 1529 quatuor

544 1542 746 1637 pedes
778 1540 1108 1611 sextante¹
1115 1526 1431 1609 ⁶sicilico
1468 1539 1932 1625 excedentem,
1973 1553 2114 1608 tota
2156 1563 2315 1608 vero
2364 1544 2682 1610 crassitu-

545 1648 700 1717 dine
726 1644 1139 1731 sescunciali,
1165 1647 1580 1740 operimento
1606 1642 1863 1714 laminae
1893 1646 2193 1715 vestitam
2216 1645 2441 1735 fuisse,
2468 1672 2683 1741 quum

541 1888 610 1941 fr.
657 1888 704 1941 si
761 1885 830 1940 ad
893 1886 1124 1958 pretium
1189 1888 1565 1949 metallorum,

540 1967 788 2059 Augusto
807 1966 980 2037 princ.
999 1966 1279 2037 respicias·
1319 1973 1453 2035 249,
1454 1970 1564 2020 060

543 2046 610 2099 fr.
675 2044 718 2098 si
771 2045 841 2099 sd
897 2047 1152 2099 rationem
1197 2044 1563 2098 Pliniunorum

542 2137 842 2195 temporum
867 2136 1155 2193 computes.
1177 2123 1284 2176 En.

626 2221 708 2256 so.
741 2204 826 2255 Ea:
853 2201 1058 2253 orbibus.
1097 2204 1262 2255 Erant
1303 2201 1445 2255 enim
1486 2219 1562 2255 eie

541 2300 732 2335 menso
771 2279 1110 2333 orbiculatas:
1147 2299 1310 2352 quare
1345 2281 1561 2337 Mauros

539 2361 694 2414 ‹is-bes
719 2358 948 2433 appellnt
971 2359 1200 2412 Martini.
1229 2359 1323 2412 lib.
1342 2362 1453 2425 11,
1472 2378 1556 2432 ep.

545 2442 616 2495 23
641 2479 658 2505 ,
706 2437 1055 2510 elephantinis
1119 2436 1370 2491 dentibus
1389 2477 1406 2503 ,
1455 2440 1564 2493 hoc

539 2532 642 2584 est,
667 2517 891 2591 pedibus
913 2516 1126 2571 choreis
1142 2516 1414 2571 suffultos:
1448 2519 1560 2571 «Ut

537 2599 715 2652 Mauri
739 2594 955 2667 Libycis
977 2609 1188 2651 centum
1221 2608 1360 2650 stent
1382 2596 1558 2651 denti·

537 2678 639 2731 bus
659 2678 836 2731 orbes.
859 2700 882 2723 ι
905 2674 1090 2730 Han.
1273 2740 1276 2743 ⁴

625 2777 648 2811 1
666 2775 716 2811 t.
731 2756 1009 2811 Ptolemaeo.
1027 2756 1182 2808 subo
1197 2754 1334 2819 filio,
1349 2752 1420 2807 de
1441 2774 1553 2826 quo

539 2837 594 2889 in
623 2840 919 2890 Auctor-um
952 2833 1134 2888 Indice
1157 2832 1420 2899 diximus,
1444 2853 1559 2888 ver-

539 2916 612 2968 bo
635 2908 784 2967 Juha.
818 2914 1002 2967 Hsnn.

626 2993 859 3046 12.Per
913 2992 1132 3047 medum.
1174 2994 1360 3063 Itaque
1411 3004 1559 3047 totus

539 3088 732 3124 mensa
779 3070 1003 3124 ambitus
1045 3068 1246 3142 pedum
1285 3090 1555 3126 novenum

537 3150 656 3205 fuit.
691 3146 870 3200 Hum.

625 3246 648 3281 r
661 3228 715 3283 3.
783 3227 1126 3297 Qash-amali.
1190 3194 1555 3292 Quadrantem

531 3311 670 3377 podis
711 3308 876 3372 maim,
915 3306 1019 3359 hoc
1049 3319 1152 3373 est,
1191 3308 1391 3377 potam
1432 3320 1556 3372 ms,

537 3384 881 3439 crussitudine
901 3384 1120 3439 obtinuit.
1136 3386 1314 3439 Ham.

623 3471 712 3528 14.
745 3464 1017 3535 cognomen
1047 3466 1292 3519 trahentis.
1335 3464 1556 3519 Nomin-

535 3560 618 3597 nae
659 3544 1047 3615 cognominato
1087 3561 1101 3595 ε
1155 3556 1209 3597 et
1248 3542 1419 3598 solida
1458 3544 1551 3597 illa

531 3621 754 3694 quidem
777 3622 904 3685 fuit,
931 3622 1192 3692 uniusque
1211 3622 1413 3687 trunci,
1440 3641 1551 3675 non

534 3721 602 3756 ex
625 3700 914 3756 dimidiatis
937 3700 1145 3755 duobus
1161 3738 1178 3765 ,
1201 3713 1264 3753 ut
1287 3700 1549 3771 superior.

533 3779 714 3837 Eun.

620 3878 644 3913 ι
657 3860 710 3915 5.
725 3858 860 3913 Trib.
870 3858 1076 3911 sicilicis.
1103 3855 1342 3911 Sicilicus
1365 3872 1553 3926 qusrts

535 3958 653 4011 pars
671 3938 878 4011 pollicis
907 3950 1012 4003 est,
1035 3938 1148 3993 sive
1165 3938 1350 3992 uncio.
1377 3938 1551 3991 Volu-

1651 1886 1795 1939 sius:
1818 1908 1841 1929 ε
1866 1884 2135 1939 Dividitur
2164 1886 2323 1940 uncis
2352 1888 2407 1940 in
2442 1904 2687 1960 quatuor

1652 1965 1880 2019 sicilicos
1898 2004 1914 2027 .
1946 1963 2003 2018 id
2030 1977 2135 2028 est,
2176 1964 2235 2017 in
2261 1979 2497 2037 quatuor
2518 1988 2682 2039 quar·

1652 2056 1747 2097 tas.
1765 2069 1790 2090 ι
1829 2044 2012 2097 Festus
2036 2062 2049 2097 :
2085 2070 2108 2091 α
2124 2044 2397 2099 Sicilicum
2436 2046 2645 2102 dictum
2662 2088 2681 2113 ,

1651 2121 1799 2191 quod
1838 2122 2161 2177 semunciam
2206 2139 2363 2178 secet.
2388 2152 2411 2171 ·
2443 2127 2679 2181 Pollices

1648 2200 1883 2255 duodeni
1929 2200 2121 2271 pedem
2162 2206 2519 2259 constituunt.
2549 2207 2681 2259 Fuit

1647 2281 1811 2352 igitur
1843 2280 1970 2334 huic
2012 2284 2206 2335 menso
2244 2284 2543 2356 amplitudo
2581 2305 2676 2359 pe-

1649 2359 1779 2413 dum
1805 2377 1913 2413 non
1942 2362 2161 2415 omnino
2188 2376 2531 2434 quaternum.
2560 2366 2673 2418 De·

1646 2453 1799 2493 erant
1838 2439 2007 2493 solum
2044 2454 2152 2495 tres
2184 2441 2401 2507 sicilici,
2428 2445 2534 2497 hoc
2558 2458 2673 2508 est,

1646 2518 1855 2589 pollicis
1880 2520 2039 2572 unius
2064 2518 2298 2574 dodrans
2317 2561 2334 2587 ,
2372 2540 2466 2575 seu
2496 2536 2671 2594 partes

1644 2610 1766 2651 tres.
1790 2597 1879 2651 Sic
1904 2598 2193 2653 crassitudo
2216 2601 2539 2672 semipedem
2558 2622 2669 2656 non

1644 2678 1915 2748 equabut:
1936 2678 2268 2733 tantumdem
2292 2681 2553 2751 semipedi
2575 2681 2669 2737 de-

1642 2768 1791 2821 erst,
1840 2774 1909 2809 ne
1956 2756 2156 2811 solidus
2202 2759 2429 2831 semipes
2490 2762 2667 2823 foret,

1641 2852 1837 2906 nempe
1860 2834 2095 2889 dodrsns
2130 2838 2340 2909 pollicis
2372 2839 2551 2893 unius.
2596 2840 2667 2895 Η.

1730 2918 1822 2967 16.
1863 2914 2110 2970 Sessanu.
2158 2916 2379 2971 Sextsns
2418 2937 2543 2989 pars
2588 2934 2667 2973 est

1640 3010 1767 3047 assis
1790 3006 1964 3059 sexta,
1996 2995 2107 3050 sive
2124 2998 2295 3051 uncio
2312 2996 2453 3050 duae.
2482 3001 2663 3053 Assem

1641 3072 1856 3144 appello
1896 3092 2011 3127 rem
2052 3074 2305 3145 integrum
2350 3096 2667 3147 quamcum-

1642 3168 1775 3221 que,
1802 3169 1893 3205 seu
1918 3151 2199 3223 ponderis,
2246 3173 2335 3207 seu
2366 3176 2663 3225 mensuro,

1642 3230 1793 3300 cujus
1819 3249 1943 3302 pars
1970 3230 2282 3286 duodecima
2312 3238 2469 3289 uncis
2488 3237 2665 3307 appel-

1638 3308 1797 3362 latur.
1826 3310 1978 3364 Hanc
2005 3312 2167 3382 igitur
2192 3331 2427 3367 mensam
2458 3316 2663 3369 Plinius

1642 3388 1716 3441 sit
1734 3388 2084 3459 longitudinis
2102 3390 2342 3445 habuisse
2360 3392 2529 3463 pedes
2540 3414 2663 3466 qus-

1642 3479 1844 3533 ternos,
1876 3481 1930 3521 et
1958 3469 2113 3523 binos
2156 3484 2405 3541 proteres
2442 3474 2661 3543 pollices

1641 3558 1696 3599 et
1722 3547 1928 3617 pollicis
1948 3545 2296 3619 quadrantem
2313 3590 2330 3617 ,
2358 3552 2471 3605 sive
2502 3554 2663 3606 sicili-

1636 3641 1791 3692 cum;
1818 3625 2159 3681 crassitudine
2176 3647 2303 3683 vero
2322 3630 2659 3704 sesquipolli·

1638 3721 1753 3758 cem
1780 3708 2079 3777 aquavisse.
2109 3705 2289 3762 Han.

1726 3802 1809 3855 17.
1873 3786 1996 3839 Tam
2040 3788 2217 3856 opima.
2268 3790 2375 3841 Tot
2418 3789 2658 3859 partibus

1638 3864 1864 3933 amplior
1880 3880 1895 3917 z
1915 3880 2083 3936 quum
2106 3882 2301 3937 nempe
2314 3886 2555 3922 novenos
2566 3888 2657 3940 pe·

1636 3940 1731 3994 des
1754 3942 1977 3997 circuitu
2004 3944 2181 3997 liberti
2210 3962 2389 3999 mensa
2418 3949 2656 4001 contine·
