2850 4684
462 353 556 425 88
1011 356 1088 426 C.
1140 354 1482 427 PLINII
1528 353 1741 425 NAT.
1794 354 2057 421 HIST.

443 470 854 559 'buxosum³⁷
896 502 998 557 est
1032 490 1393 609 optimum,
1425 486 1607 582 quod
1648 502 1749 557 est
1786 486 2379 557 odoratissimum:
2420 510 2461 557 e
2496 512 2607 557 se·

462 597 642 665 mine
669 580 719 620 ³⁸
771 608 992 664 autem
1043 596 1406 665 maximum
1464 607 1532 663 et
1570 593 2242 725 ponderosissimum,
2282 592 2608 663 mordens

462 716 697 796 gustu,
739 701 1181 797 fervensque
1163 726 1232 771 m
1259 726 1397 777 ore.
1425 699 1858 770 Adulteratur
1887 702 2144 771 Petraeo
2160 686 2213 738 ³⁹
2238 700 2603 794 hyperico·

460 808 638 903 quod
701 810 1086 904 coarguitur
1135 807 1636 904 magnitudine,
1692 808 2056 893 inanitate,
2130 805 2547 901 longitudine
2580 859 2605 895 ‚

459 914 684 985 odoris
723 917 1019 1012 ignavia,
1059 939 1297 1010 sapore
1339 916 1606 1010 piperis.

389 1030 425 1081 6
565 1026 910 1117 Lacrymae
943 1022 1290 1117 probatio,
1331 1036 1408 1090 ut
1437 1023 1519 1090 sit
1544 1020 1809 1116 pinguis
1836 1074 1857 1109 ,
1907 1020 2122 1090 tenuis
2146 1072 2167 1107 ,
2213 1044 2293 1090 ac
2334 1020 2605 1091 modice

457 1128 647 1214 rufa,
693 1144 761 1198 et
808 1130 876 1197 in
925 1127 1224 1198 fricando
1277 1127 1573 1199 odorata.
1612 1118 1978 1197 'Secundus
2034 1125 2317 1197 candido
2375 1126 2561 1202 colos
2581 1182 2605 1215 ,

454 1235 647 1330 pejor
663 1234 890 1305 viridis
917 1260 1336 1330 crassusque,
1366 1235 1689 1330 pessimus
1704 1235 1907 1329 ‘niger
1936 1259 1953 1303 :
1992 1234 2239 1329 quippe
2266 1247 2343 1305 ut
2373 1232 2605 1305 oleum

457 1343 758 1413 senescit.
805 1344 908 1410 Ex
953 1344 1135 1411 omni
1171 1343 1462 1411 incisura
1502 1342 1788 1411 maxime
1826 1340 2185 1435 probatur,
2226 1339 2407 1435 quod
2443 1355 2607 1411 ante

457 1472 684 1517 semen
725 1446 934 1517 fluxit.
979 1451 1069 1518 Et
1104 1446 1262 1519 alias
1299 1446 1711 1517 adulteratur
1756 1448 2023 1517 seminis
2062 1471 2265 1518 succo
2286 1500 2305 1535 ,
2352 1449 2605 1542 vixque

456 1553 856 1624 maleficium
875 1554 1395 1650 deprehenditur
1413 1570 1611 1649 gustu
1640 1555 1965 1624 amariore
1996 1581 2010 1623 :
2039 1578 2181 1624 esse
2204 1555 2379 1624 enim
2399 1554 2609 1624 debet

455 1659 659 1750 leniS,
705 1686 842 1730 non
877 1662 1263 1745 subaciduS‚
1309 1662 1517 1731 odore
1556 1676 1817 1731 tantum
1854 1676 2175 1730 austerus.
2200 1662 2493 1731 Vitiatur
2526 1676 2607 1731 et

456 1764 605 1865 oleo
651 1753 882 1837 rosae⁴⁰
900 1822 918 1856 ,
961 1770 1194 1864 cypri,
1248 1767 1540 1857 lentisci,
1600 1767 1865 1853 balani,
1910 1767 2268 1837 terebinthi
2294 1769 2603 1905 ,myrti·
2582 1822 2607 1857 ,

457 1875 672 1943 resina
691 1872 1074 2006 ,galbano‚
1123 1900 1275 1945 cera
1315 1862 1605 1971 cypria⁴‘
1612 1930 1633 1964 ,
1670 1889 1872 1970 prout
1907 1899 2184 1969 quaeque
2224 1861 2381 1944 res⁴
2388 1874 2602 1944 ²fuit.

389 2010 422 2063 7
460 1967 935 2075 Nequissime⁴³
956 1994 1176 2051 autem
1197 1984 1486 2081 gummi,
1510 1982 1827 2076 quoniam
1864 1982 2082 2075 ipsum
2106 2006 2372 2076 quoque
2395 1980 2606 2053 inhae-

1576 2176 1713 2217 tunt.
1748 2162 1891 2219 Cave
1915 2182 2079 2236 porro
2102 2162 2296 2219 credas
2310 2182 2485 2219 ceram
2510 2186 2609 2238 cy·

1575 2262 1745 2315 priam
1763 2283 1778 2308 ‚
1796 2263 1957 2316 quam
1976 2244 2196 2316 κηρωτὴν
2214 2247 2441 2315 κυπρὶνην
2456 2264 2609 2301 nunc

1576 2323 1922 2377 Dioscorides
1948 2337 2127 2389 vocat,
2150 2343 2181 2377 a
2218 2324 2401 2395 Cypro
2426 2325 2607 2380 insula

1576 2404 2009 2475 cognominatam
2030 2443 2045 2469 ,
2073 2422 2195 2476 quoe
2225 2423 2358 2458 cero
2384 2404 2609 2459 laudem

1576 2484 1776 2537 nullam
1797 2484 1973 2537 habet.
1997 2484 2207 2537 Nomen
2227 2484 2369 2538 enim
2392 2488 2491 2537 ἀπὸ
2510 2493 2606 2541 τοῦ

457 2162 637 2217 locum
689 2181 852 2234 poma
913 2165 1178 2218 obtinent.
1221 2190 1245 2213 ι
1301 2164 1486 2218 Ηιιιι).

547 2244 642 2313 37.
663 2244 928 2297 Buxosum.
951 2245 1144 2299 Colore
1162 2245 1354 2299 buxeo.
1374 2245 1446 2298 Η.

547 2321 640 2378 38.
669 2325 721 2376 Ε
746 2328 934 2377 semine.
961 2324 1138 2379 Diosc.
1159 2324 1406 2379 similiter
1425 2326 1486 2389 I,

471 2420 496 2456 ι
509 2404 561 2457 8.
585 2401 765 2458 Han.

547 2484 641 2553 39.
672 2484 999 2537 Adulter-arm·
1027 2486 1220 2537 Petroeo
1245 2484 1486 2554 hyperico-

465 2562 779 2635 Asportatur
816 2566 883 2617 ab
913 2562 1116 2638 oppido
1148 2564 1354 2617 Arabiae
1391 2563 1491 2617 Pe-

465 2654 546 2695 tra
571 2662 748 2697 semen
785 2645 1044 2716 hyperico
1075 2642 1276 2710 simile,
1312 2642 1491 2713 inquit

463 2722 645 2777 Diosc.
669 2742 780 2802 quo
801 2723 1022 2777 balsami
1053 2724 1259 2777 fructus
1289 2721 1490 2776 adulte·

463 2814 653 2857 ratur·
679 2803 773 2857 sed
801 2823 864 2857 ex
886 2824 950 2857 eo
969 2804 1112 2857 finus
1128 2801 1489 2873 dignoscitur,

464 2882 611 2954 quod
635 2885 804 2955 majus
829 2882 962 2935 iuud
995 2884 1091 2947 sit,
1121 2882 1306 2949 inane,
1341 2884 1490 2957 igna-

463 2980 623 3028 vum,
658 2982 849 3034 sapore
876 2962 1090 3035 piperis.
1120 2962 1204 3014 De
1228 2963 1489 3035 hyperico

465 3040 704 3097 dicemus
727 3044 952 3109 XXVI,
990 3041 1062 3097 53
1091 3055 1145 3094 et
1179 3042 1270 3107 54.
1301 3044 1488 3098 Ηιιι).

549 3129 638 3187 4ο.
687 3124 909 3175 Vitiatur
942 3134 994 3173 et
1029 3122 1136 3174 oleo
1175 3142 1315 3177 roeoe.
1361 3123 1489 3178 Haec

467 3201 709 3256 similiter
735 3201 912 3256 Dione.
933 3202 1054 3255 loco
1091 3201 1179 3255 cit.
1211 3203 1394 3258 Ηιιιι).
1405 3236 1489 3248 -

471 3282 640 3353 Cypri.
663 3282 727 3335 In
748 3281 899 3335 libris
925 3281 1094 3340 editis.
1125 3288 1304 3355 cyperi,
1329 3285 1485 3338 male.

465 3358 603 3414 Nam
630 3361 806 3415 Diosc.
835 3362 928 3417 lib.
953 3362 1014 3425 1,
1041 3380 1156 3435 cap.
1184 3366 1295 3423 ι8·
1317 3370 1491 3417 Δολοῦ-
1540 3406 1549 3415 .

463 3460 550 3494 ται
575 3434 635 3493 δὲ
655 3443 912 3505 ποικίλως·
943 3444 985 3496 οἱ
1010 3443 1092 3515 μὲν
1115 3442 1208 3515 γὰρ
1229 3445 1489 3517 χρίσματι

463 3522 720 3591 μίσγουσαν
757 3524 1016 3593 dib-&1534
1053 3526 1106 3577 τὸ
1137 3522 1487 3595 τιριῧίνθινον,

461 3601 713 3672 κύπρινον,
743 3602 975 3672 σχίνινον,
1004 3604 1247 3669 σούσινον,
1279 3604 1485 3670 βαλάνι-

459 3698 565 3747 νον,
593 3694 692 3735 etc.
721 3682 791 3737 Et
817 3701 946 3738 vero
981 3682 1130 3736 MSS.
1161 3684 1290 3754 Reg.
1325 3682 1485 3735 colb.

458 3758 624 3815 Paris.
654 3762 836 3818 Chiffl.
873 3766 1011 3835 cypri
1044 3762 1260 3815 habent.
1297 3763 1482 3815 HAnD.

543 3848 636 3905 41.
683 3844 810 3897 Cera
839 3844 1041 3916 Q‘pre'a.
1071 3840 1235 3908 Quod
1261 3842 1484 3913 κηρωτὴν

457 3919 793 3977 Dioscorides
811 3961 829 3990 ,
867 3924 973 3975 hoc
1026 3920 1230 3975 Plinius
1279 3922 1483 3993 ubique

455 4016 632 4057 ceram
664 4002 899 4074 appellat
933 4020 948 4054 :
977 4000 1069 4055 alii
1097 4014 1337 4055 ceratum
1360 4020 1479 4057 ver·

1577 2566 1789 2635 κύπρου,
1816 2582 1922 2635 qua
1952 2561 2019 2616 de
2050 2564 2239 2617 arbore
2264 2563 2467 2618 dictum
2490 2578 2607 2635 est,

1575 2662 1692 2716 cap.
1720 2644 1815 2699 52.
1844 2644 2202 2715 Ceratumque
2222 2645 2509 2715 cyprinum
2530 2664 2609 2701 ex

1576 2742 1695 2777 cera
1732 2724 1957 2795 oleoque
1997 2725 2223 2798 cyprino
2240 2763 2257 2789 ‚
2291 2737 2433 2777 certa
2468 2744 2602 2796 por·-
2666 2788 2675 2797 ⁶

1574 2804 1725 2857 tione·
1742 2818 1984 2875 paratur,
2022 2817 2087 2858 ut
2118 2822 2183 2857 ex
2220 2820 2340 2855 cera
2372 2804 2605 2876 oleoque

1577 2903 1792 2939 rosaceo
1808 2922 1824 2947 ,
1846 2902 2121 2937 rosaceum
2137 2894 2391 2936 ceratum.
2414 2883 2601 2939 ffinn.

1659 2971 1751 3030 42.
1810 2964 1906 3017 Res
1947 2966 2070 3030 sm't.
2111 2961 2495 3036 Subiutellige,
2538 2966 2601 3018 in

1574 3056 1831 3117 promptu
1843 3084 1857 3109 ‚
1872 3042 1943 3097 ud
1961 3060 2202 3107 manum,
2218 3042 2397 3097 obvia.
2410 3046 2603 3100 Hann-

1660 3130 1692 3188 4
1702 3126 1751 3179 3.
1772 3124 2087 3195 Nequissime.
2106 3122 2437 3193 Nequissime
2450 3123 2603 3178 adul-

1578 3214 1805 3268 teratur,
1832 3203 1959 3274 quia
1984 3200 2303 3255 difficillime
2332 3202 2476 3257 fraus
2509 3202 2603 3259 de·

1574 3280 1947 3353 prehenditur.
1976 3280 2162 3336 ΗΑιιι).

1659 3360 1751 3425 44.
1794 3362 2090 3415 luka-meir.
2130 3363 2213 3416 Ita
2250 3374 2394 3416 recte
2426 3379 2441 3416 :
2486 3383 2599 3419 non

1576 3444 1799 3493 inat-escit
1814 3478 1831 3505 ,
1854 3453 1914 3493 ut
1932 3442 2186 3495 Salmasio
2204 3442 2378 3515 placet
2392 3478 2409 3505 ‚
2433 3443 2603 3497 Exer-

1574 3521 1686 3575 citt.
1709 3520 1766 3572 in
1790 3520 1895 3574 Sol.
1918 3540 2037 3593 pag.
2068 3528 2202 3593 494.
2226 3522 2601 3577 Ham—In·

1574 3600 1793 3652 lea-rescit
1830 3621 1975 3655 marm
2018 3606 2219 3657 Inversa.
2278 3601 2367 3655 Sic
2414 3604 2597 3657 Elzev.

1573 3680 1813 3734 Gronov.
1838 3680 2003 3735 Hard.
2026 3695 2080 3736 et
2104 3683 2232 3737 libri
2258 3682 2451 3754 pleriq.
2474 3696 2601 3739 ante

1572 3760 1875 3817 Broterium
1895 3762 2041 3816 editi.
2066 3764 2169 3817 En.
2184 3794 2264 3805 —
2280 3763 2344 3816 In
2361 3760 2600 3817 editione
2658 3764 2665 3771 ’

1571 3842 1843 3914 principe,
1862 3847 1975 3915 quin
1992 3846 2181 3897 nascit.
2202 3844 2365 3897 Recte
2386 3844 2600 3899 monuit

1570 3922 1855 3979 Salmasius
1888 3920 2285 3977 emendandum
2300 3962 2318 3989 ,
2352 3926 2593 3976 inameie.

1573 4002 1841 4059 Audacter
1882 4002 2223 4057 emendatum
2268 4000 2325 4055 in
2368 4016 2593 4060 recentt.
