2850 4684
981 414 1285 482 LIBER
1339 413 1555 480 XIII.

2097 356 2112 370 ·
2190 410 2328 493 195

207 542 455 613 dicibus
480 540 723 613 incolae
752 566 876 636 pro
912 540 1089 637 ligno
1117 557 1396 613 utuntur
1416 570 1436 609 ι
1463 565 1584 611 nec
1613 542 1780 635 ignis
1808 555 2063 611 tantum
2092 548 2333 639 gratia,

206 650 327 719 sed.
358 650 444 718 ad
497 649 627 718 alia
670 672 934 742 quoque
982 648 1285 718 utensilia
1324 670 1656 718 vasorum.
1719 650 1824 715 Ex
1875 645 2018 741 ipso
2068 651 2330 743 quidem
2369 677 2396 710 ²

209 780 459 850 papyro
482 753 531 779 ¹⁰

588 755 856 848 navigia
896 768 1127 825 texunt
1163 782 1177 822 τ
1217 770 1285 823 et
1339 780 1376 823 e
1420 753 1588 822 libro
1636 750 1868 841 vela¹¹,
1918 767 2291 850 tegetesque
2315 811 2335 844 ‚

206 886 325 930 nec
358 887 497 931 non
538 874 609 927 et
636 873 921 947 vestem,
951 861 1147 929 etiam
1176 858 1558 954 stragulam,
1593 882 1670 927 ac
1705 858 1911 927 funes.
1945 860 2336 931 Mandant¹²

206 1008 323 1048 tum
365 1008 611 1047 veterum
630 1030 647 1057 ,
694 1004 807 1045 tum
842 993 1236 1047 neotericorum

206 1074 583 1127 botanicorum
600 1072 782 1125 fldem.
805 1071 1024 1125 Constat
1051 1072 1105 1125 in
1139 1092 1235 1144 pa-

208 1173 374 1225 pyro,
410 1166 475 1205 ut
500 1153 559 1205 in
592 1150 792 1203 caeteris
816 1153 1230 1223 magelin-ibus,

210 1230 363 1286 flores
410 1248 697 1303 squameos
742 1236 851 1283 esse
898 1242 949 1284 et
988 1231 1230 1285 bifariam

208 1313 464 1383 spic-tos,
493 1309 823 1382 spicularum
850 1320 1117 1362 ternarum
1144 1329 1233 1365 ca-

208 1392 397 1461 pitulis
463 1388 767 1443 numerosis
834 1387 890 1439 in
942 1389 1230 1443 umbellam

208 1470 513 1542 longiorem
554 1466 836 1538 dispositis.
865 1466 1233 1523 Hallucinatur

214 1550 337 1602 item
392 1550 699 1600 Peuma-1
734 1564 811 1598 m:
860 1544 1065 1611 δινεῖ,
1104 1547 1236 1603 Har-

214 1627 365 1681 duini
378 1628 614 1680 nimium
626 1625 799 1678 fidelis
820 1638 1109 1679 assectator.
1128 1622 1235 1693 (Ex

216 1705 443 1762 Ger-udi
468 1718 583 1759 not.
610 1702 1019 1775 manuscriptis.)
1046 1707 1153 1760 En.

302 1806 387 1841 so.
426 1786 520 1837 Ex
554 1788 657 1854 ipso
681 1783 869 1856 quidem
887 1802 1103 1857 papyro,
1130 1796 1232 1839 etc.

216 1864 519 1919 Herodotus
552 1864 647 1916 lib.
680 1864 737 1914 11
775 1862 934 1916 tradit
960 1864 1237 1934 AEgyptios

216 1964 372 1998 naves
409 1944 669 1997 fabricare
699 1960 731 1996 e
756 1960 850 1995 sua
874 1942 1053 2013 spina,
1090 1962 1232 1996 com-

216 2042 373 2095 pages
400 2023 697 2076 introrsum
726 2039 757 2073 e
784 2020 931 2073 biblo
966 2022 1137 2075 facere
1174 2041 1239 2076 ex

218 2115 489 2175 amputato
504 2096 701 2173 papyri
723 2098 943 2165 vertice,
964 2120 1031 2155 ex
1052 2100 1239 2155 eodem

218 2194 270 2235 et
298 2182 415 2235 vela
433 2221 450 2243 ,
493 2194 547 2233 et
576 2178 811 2233 calceos:
838 2178 1087 2234 inferiora
1112 2200 1239 2234 vero

217 2258 551 2331 longitudine
585 2258 785 2320 cubiti,
828 2270 883 2310 et
922 2278 1151 2313 comesse
1189 2273 1243 2313 et

221 2338 467 2395 vendere.
486 2340 751 2401 Lucanus,
770 2337 870 2401 IV,
899 2357 922 2391 ι
936 2339 1037 2393 36:
1062 2361 1085 2383 c
1104 2340 1243 2392 Con-

220 2421 413 2475 seritur
457 2418 645 2471 bibula
696 2417 1007 2487 Memphitis
1054 2419 1243 2489 cymba

220 2514 447 2571 papyro.
482 2522 507 2545 ι
562 2495 829 2567 AEgyptiis
886 2495 1245 2550 sacerdotibus

222 2580 425 2631 calcea»
462 2588 665 2629 tantum
688 2593 1013 2647 papyraceos
1046 2589 1247 2647 gestare

222 2658 445 2721 licebat,
464 2674 693 2727 quorum
716 2653 972 2709 Aristides
990 2655 1123 2708 1ib.1
1144 2654 1247 2709 Sa-

224 2753 437 2789 crorum
462 2752 771 2787 sermonum
806 2735 1077 2798 meminit,
1120 2734 1248 2787 scri·

226 2816 359 2868 bens
390 2814 445 2866 in
480 2814 674 2866 ulceris
718 2813 991 2866 curatione
1022 2815 1250 2867 AEscula-

226 2895 378 2964 pinm
392 2894 493 2947 sibi
510 2892 723 2946 dedisse
744 2893 947 2944 calceos
958 2894 1249 2961 AEgyptios,

228 2973 423 3044 quibus
438 2985 665 3025 utuntur
680 2968 991 3024 sacerdotes.
1013 2971 1109 3024 Usi
1130 2984 1251 3023 sunt

228 3065 281 3105 et
302 3054 519 3105 Veteres
544 3048 871 3104 arundinum
887 3068 1043 3102 coma
1070 3048 1137 3103 ad
1159 3069 1250 3102 na·

228 3129 371 3183 vium
398 3142 739 3193 structuram,
759 3146 868 3199 quo
894 3128 1054 3181 modo
1072 3141 1125 3181 et
1152 3148 1247 3200 pa-

228 3229 393 3281 pyro,
408 3207 769 3263 commissuris
790 3208 1163 3277 interjicientes
1178 3206 1248 3261 ad

226 3300 395 3342 textus
415 3282 867 3347 ferruminandos,
896 3299 953 3339 ut
982 3305 1099 3357 quae
1130 3289 1247 3358 glu-

230 3368 339 3419 tino
365 3369 432 3421 sit
455 3368 713 3428 tenacior,
730 3378 785 3419 et
810 3365 1081 3437 explendis
1104 3367 1253 3419 rimis

232 3446 349 3515 pice
362 3446 595 3511 fidelior,
614 3446 711 3499 lib.
728 3445 887 3510 XVI,
912 3463 957 3497 c.
990 3446 1080 3499 36.
1110 3446 1247 3499 Du..

234 3555 309 3565 --
334 3526 419 3576 Ex
457 3528 563 3597 ipso
601 3524 808 3596 quidem.
845 3525 925 3576 Ex
967 3526 1115 3578 caule
1158 3544 1253 3577 seu

229 3602 397 3673 ligno,
440 3600 588 3674 quod
616 3610 885 3676 papyrum
908 3622 1069 3676 supra
1094 3622 1253 3657 voca-

232 3685 325 3735 vit.
349 3684 539 3735 Hun-

308 3782 333 3815 1
349 3780 401 3815 1.
418 3764 473 3815 E
495 3762 623 3813 libro
648 3762 785 3814 vela.
800 3758 1253 3833 ApudTheophr.

226 3854 325 3894 est:
358 3843 561 3895 uitium
586 3860 619 3893 e
644 3840 797 3893 biblo
824 3842 935 3893 vela
952 3881 967 3906 ‚
991 3856 1091 3895 etc.
1117 3868 1137 3889 2
1172 3840 1259 3893 ni-

222 3922 419 3975 mirum
448 3940 517 3975 ex
536 3918 727 3975 eadem
749 3937 955 3991 papyro
973 3958 989 3986 ‚
1015 3922 1122 3974 sive
1142 3938 1261 3974 cau·

222 4002 285 4054 lis
333 4004 451 4073 ejus
508 3999 689 4054 taeniis
734 4011 787 4051 ct
841 4000 1099 4070 philuris,
1150 4020 1261 4054 non

1321 1005 1498 1047 autem
1537 992 1680 1045 libro
1718 994 1830 1045 sive
1871 993 2066 1046 extimo
2115 994 2338 1061 cortice,

1318 1090 1389 1125 ne
1400 1072 1620 1125 funibus
1636 1070 1850 1141 quidem
1863 1109 1878 1136 ,
1897 1072 1997 1125 nisi
2018 1073 2074 1124 in
2097 1073 2342 1140 humore,

1320 1144 1459 1204 utili.
1496 1150 1700 1203 Plinius
1733 1151 2058 1221 negligenter
2085 1152 2200 1204 haec
2222 1171 2342 1205 ver-

1321 1230 1401 1283 tit.
1455 1229 1652 1282 Omisit
1711 1242 1762 1283 et
1815 1228 1956 1283 idem
2005 1230 2153 1301 quod
2197 1232 2342 1303 apud
2437 1280 2446 1295 ,

1320 1308 1748 1380 Theophrastum
1764 1307 2345 1381 mortalibusimprimis

1321 1390 1672 1441 necessarium
1726 1406 1880 1442 usum
1938 1390 2098 1460 hujus
2149 1390 2342 1461 planto

1322 1466 1572 1531 declarat,
1586 1486 1615 1519 e
1641 1466 1790 1520 biblo
1813 1468 1920 1521 texi
1943 1468 2106 1522 biblia
2119 1508 2134 1533 ,
2151 1480 2343 1541 nempe

1324 1548 1557 1609 chartas,
1591 1547 1749 1599 etism
1769 1547 1993 1599 externis
2013 1549 2339 1603 notissimas:

1324 1644 1493 1698 quum
1537 1625 1710 1679 Graeci
1758 1626 1914 1695 longe
1957 1627 2110 1697 plura
2149 1628 2344 1684 chartis

1326 1706 1599 1759 memorias
1631 1702 1974 1767 tradiderint,
2019 1724 2176 1777 quam
2215 1707 2345 1777 ipsi-

1326 1798 1436 1838 met
1459 1784 1714 1856 AEgyptii‚
1758 1782 1902 1855 apud
1941 1802 2072 1855 quos
2110 1804 2346 1857 papyrus

1326 1864 1580 1935 gignitur,
1595 1863 2018 1918 memorabilium
2038 1881 2216 1917 rerum
2229 1884 2346 1920 mo-

1326 1955 1584 1995 numenta
1620 1942 1785 1996 saxeis
1821 1943 2058 1997 obeliscis
2093 1954 2151 1997 et
2186 1962 2346 2016 pyra-

1330 2020 1568 2075 midibus
1608 2020 1905 2092 insculpere
1945 2023 2105 2077 soliti.
2143 2024 2343 2079 Gmu..

1330 2134 1410 2145 -—
1429 2102 1482 2155 E
1507 2102 1648 2154 libro.
1679 2098 2028 2170 Theophrast.
2065 2100 2167 2156 loc.
2202 2104 2343 2158 citat.

1333 2183 1387 2234 ix.
1414 2184 1501 2243 τῆς
1521 2178 1708 2245 βὶὅλου.
1736 2180 1824 2233 Sic
1848 2194 1903 2235 et
1927 2192 2121 2235 storeas
2149 2201 2347 2237 mona·

1331 2261 1558 2313 chorum
1578 2278 1642 2312 ex
1661 2278 1890 2331 papyro,
1909 2271 2200 2333 mattasque
2223 2281 2348 2317 con·

1331 2340 1490 2393 fectas
1531 2339 1753 2411 legimus
1801 2340 1861 2391 in
1897 2340 2097 2411 Regula
2137 2340 2346 2395 solitar.

1330 2438 1448 2491 cap.
1482 2424 1578 2489 47,
1619 2418 1851 2489 alibique
1885 2418 2094 2490 passim.
2123 2418 2308 2474 Iliun.

1414 2518 1439 2551 1
1455 2518 1481 2550 a
1494 2538 1507 2552 .
1535 2498 1782 2550 Mandane
1803 2517 1984 2571 quoque
2004 2498 2226 2562 crudum,
2248 2510 2352 2553 etc.

1328 2574 1665 2631 Dioscorides
1691 2586 1745 2629 et
1774 2576 1886 2645 ejus
1920 2578 2229 2630 auctoritate
2258 2576 2353 2630 de·

1330 2669 1517 2728 ceptus
1563 2655 1765 2707 Pierius
1817 2652 1872 2706 in
1921 2651 2352 2724 Hieroglyphicis

1329 2734 1461 2789 falso
1485 2732 1803 2806 putaverunt
1829 2730 2062 2785 radicem
2088 2734 2213 2799 (χειν
2249 2734 2356 2803 τρό·

1330 2816 1472 2885 φιμόν
1517 2836 1596 2879 τι,
1655 2811 1890 2865 alimenti
1935 2807 2180 2864 nonnihil
2225 2829 2355 2882 prm-

1330 2894 1482 2957 bere‚
1509 2890 1735 2962 ideoque
1757 2890 2030 2963 [Egyptios
2053 2885 2355 2960 δίαιμοισσω·

1332 2972 1501 3043 μένους
1523 2971 1856 3039 ἁποχυλίζιιν,
1888 2967 2168 3033 mandere,
2201 2990 2355 3023 exsu-

1332 3068 1562 3121 gereque
1607 3066 1856 3113 succum,
1904 3051 1961 3102 τὸ
2013 3044 2352 3121 &caudeo-nux

1335 3130 1700 3189 ἀποπτύοντας.
1721 3128 1856 3180 Nam
1883 3140 1936 3195 et
1959 3140 2150 3200 praeter
2174 3128 2354 3181 Theo-

1335 3207 1534 3281 phrasti
1558 3208 1888 3279 perspicuam
1926 3206 2026 3259 hac
2051 3204 2120 3259 de
2149 3226 2208 3259 re
2232 3227 2355 3261 nar-

1335 3288 1596 3341 rationem
1618 3326 1633 3351 ,
1681 3284 1984 3339 Herodotus
2026 3285 2355 3357 apertissime

1338 3367 1500 3419 refert
1531 3366 1588 3419 iu
1620 3366 1880 3436 Euterpe,
1924 3366 2006 3431 11,
2048 3383 2118 3433 9²
2141 3404 2155 3429 ,
2193 3370 2358 3439 AEgy-

1338 3446 1480 3517 ptios
1507 3446 1696 3518 papyri
1721 3464 1752 3498 e
1777 3444 2096 3516 palustribus
2129 3446 2358 3499 collectoe

1339 3544 1514 3579 annua
1552 3542 1742 3589 messe,
1785 3537 1990 3595 partem
2031 3526 2358 3593 superiorem

1340 3605 1615 3677 praecisam
1648 3605 1701 3655 in
1747 3604 1876 3657 alios
1901 3621 2027 3655 usus
2063 3621 2222 3673 quam
2263 3605 2360 3658 ali·

1342 3699 1640 3738 mentorum
1664 3696 1895 3747 vertere,
1927 3683 2233 3735 inferiorem
2269 3702 2361 3737 au-

1346 3777 1452 3817 tem
1469 3763 1636 3817 cubiti
1655 3758 2010 3834 longitudine,
2031 3773 2086 3813 et
2113 3760 2363 3826 vendere,

1348 3858 1401 3896 et
1424 3862 1656 3897 comesse
1674 3882 1690 3908 ,
1723 3842 1914 3895 eximia
1941 3839 2164 3912 quadam
2192 3840 2366 3894 suavi-

1348 3936 1452 3976 tate
1469 3956 1482 3980 ‚
1510 3942 1676 3993 quum
1703 3923 1759 3974 in
1788 3917 2055 3975 luculento
2075 3921 2232 3972 furno
2263 3932 2369 3970 tor·

1348 4015 1512 4055 retur.
1536 4004 1670 4054 Ante
1701 3999 1878 4070 fruges
1919 4010 2155 4069 repertas
2185 3998 2371 4067 priscis

1985 4101 2110 4171 13²
