2850 4684
500 388 643 485 196

1026 388 1104 457 C.
1159 388 1500 457 PLINII
1545 384 1752 455 NAT.
1811 390 2072 458 HIST.

489 546 749 616 quoque
788 519 1095 607 crudum,
1136 520 1653 614 decoctumque,
1695 544 1966 589 succum
2019 508 2340 590 tantum¹³
2396 523 2614 595 devo-

490 642 723 696 rantes.
774 624 1109 695 Nascitur¹
1093 612 1141 657 ’ἦ

1186 640 1253 695 et
1296 630 1363 696 in
1410 628 1635 755 Syria?
1683 628 1858 695 circa
1891 650 2090 720 quem
2133 626 2445 699 odoratus
2487 631 2616 700 ille

488 733 818 819 calamuS,
862 731 1097 801 lacum.
1150 732 1382 827 Neque
1419 718 1624 801 aliis¹⁵
1663 755 1818 801 usus
1855 745 1984 819 est,
2019 757 2217 827 quam
2261 734 2450 823 inde,
2483 736 2613 806 fu-

487 840 678 908 nibus
712 863 829 907 rex
862 839 1275 932 Antigonus
1259 862 1326 906 m
1374 836 1716 907 navalibus
1757 838 1995 920 rebuS,
2029 838 2326 908 nondum
2371 856 2612 937 sparto

485 946 989 1014 communicato.
1042 945 1275 1038 Nuper
1318 958 1387 1013 et
1424 944 1494 1011 in
1529 944 1870 1037 Euphrate
1912 968 2186 1013 nascens
2235 947 2412 1017 circa
2463 951 2610 1017 Ba-

430 1054 443 1071 *
483 1048 790 1145 bylonem
822 1074 1140 1144 papyrum
1184 1048 1588 1118 intellectum
1637 1064 1740 1118 est
1777 1049 2082 1118 eumdem
2115 1074 2310 1119 usum
2351 1051 2610 1122 habere

482 1157 745 1226 chartae.
784 1159 871 1224 Et
910 1170 1129 1224 tamen
1166 1154 1384 1225 adhuc
1421 1153 1675 1224 malunt
1703 1155 1928 1238 Parthi
1956 1142 2312 1227 vestibus¹⁶
2347 1157 2606 1228 litteras

481 1265 790 1331 intexere.

582 1369 842 1436 XXIII.
872 1368 1333 1461 Praeparantur
1361 1390 1442 1435 ex
1468 1364 1579 1435 eo‘
1619 1366 1900 1442 chartae,
1941 1365 2150 1435 diviso
2177 1390 2302 1436 acu
2336 1370 2402 1437 in
2431 1393 2602 1463 prae·

480 1488 751 1559 tenues,
784 1472 897 1542 sed
937 1496 1135 1567 quam
1172 1471 1555 1555 latissimas,
1587 1468 1940 1566 philuras².
1970 1462 2604 1569 (x11.)Principatus

476 1564 727 1648 medio³
732 1592 975 1715 ‚atque
998 1578 1149 1648 inde
1170 1580 1464 1648 scissurae
1487 1522 1736 1647 ordine.
1779 1578 2112 1647 Hieratiea
2143 1579 2606 1675 appellabatur

474 1670 865 1779 antiquitus⁴
871 1736 889 1767 ,
962 1683 1276 1781 religiosis
1331 1698 1593 1753 tantum
1649 1682 2093 1753 voluminibus
2147 1685 2390 1772 dicata,
2449 1712 2606 1809 quae

473 1877 736 1947 AEgyptiis
761 1840 1151 1930 usitatissimum
1171 1887 1223 1927 et
1246 1872 1492 1945 frequen-

474 1954 729 2008 tissimum
761 1974 883 2009 eum
910 1954 1089 2009 cibum
1116 1953 1273 2007 fuisse
1295 1972 1358 2006 ex
1378 1954 1490 2006 Oro

473 2035 852 2105 cognoscimus,
914 2032 1107 2087 Scribit
1152 2032 1293 2085 euim
1334 2034 1493 2102 AEgy·

372 2150 375 2157 -
474 2114 615 2184 ptios
642 2111 1091 2185 antiquissimam,
1132 2125 1183 2163 et
1208 2112 1355 2164 omni
1379 2128 1492 2163 me

475 2192 645 2245 moria
684 2192 919 2262 priorem
953 2189 1213 2259 originem
1250 2208 1395 2242 suam
1428 2188 1496 2241 si-

475 2270 812 2341 gnificantes,
825 2267 1016 2341 papyri
1043 2267 1347 2321 fasciculum
1373 2269 1491 2351 pin-⁴

476 2351 628 2415 xisse,
654 2348 776 2421 quia
800 2367 864 2402 eo
881 2348 1111 2420 primum
1134 2342 1489 2403 vescerentur.

473 2430 673 2482 Diae.

560 2508 651 2563 13.
690 2506 889 2561 ὅκοι-ιω
941 2518 1139 2559 tantum.
1188 2504 1254 2559 ld
1298 2504 1491 2561 deinde

472 2586 620 2660 quod
640 2584 1016 2641 manducatum
1042 2598 1151 2650 est,
1170 2598 1231 2638 ut
1258 2586 1313 2637 in
1342 2586 1492 2639 malis

470 2668 684 2722 Punicis
694 2660 968 2739 (gennadus)
982 2665 1221 2730 facimus,
1232 2684 1490 2737 exspuen-

473 2759 565 2801 tes.
583 2746 855 2817 Theophr.
878 2745 917 2799 1.
938 2765 986 2800 c.
1012 2746 1190 2798 Hnm.

560 2846 583 2881 1
596 2832 650 2889 4.
666 2826 909 2878 Nascitur.
925 2822 1172 2878 Totidem
1190 2824 1364 2876 verbis
1376 2824 1491 2878 hnc

473 2904 747 2978 Theophr.
773 2906 809 2957 1.
840 2923 887 2956 c.
910 2904 990 2955 De
1024 2903 1227 2956 calamo
1256 2901 1491 2957 diximus

472 2984 568 3037 lib.
599 3004 719 3056 sup.
741 3001 856 3054 cap.
887 2984 979 3045 48.
1002 2980 1186 3035 Ηιιιι).

560 3082 584 3116 1
598 3063 649 3117 5.
684 3062 850 3133 Neque
874 3062 1000 3112 auis.
1034 3062 1380 3131 Theophrast.
1408 3063 1490 3115 De

474 3154 651 3214 sparto
678 3140 917 3194 dicemus
939 3140 1031 3192 lib.
1054 3140 1212 3205 xlx,
1246 3159 1294 3193 c.
1328 3160 1380 3213 7.
1416 3142 1487 3195 H.

562 3223 649 3273 16.
679 3218 897 3272 Vestibus
929 3220 1129 3271 litteo-as.
1170 3220 1256 3273 Sic
1288 3220 1490 3273 Petrar-

474 3302 571 3353 cha
581 3337 599 3364 ,
621 3312 749 3352 teste
760 3298 1083 3351 Thomasino
1096 3336 1111 3357 ‚
1134 3298 1192 3350 in
1208 3298 1488 3353 Petrercha

474 3376 741 3445 rediviVO,
776 3395 891 3448 cap.
924 3379 1021 3444 ²3,
1046 3396 1210 3449 quum
1232 3375 1488 3441 deambu-¹

472 3458 602 3511 laret
630 3459 800 3524 soluS,
838 3476 906 3510 ne
942 3474 1059 3527 quae
1092 3456 1265 3510 subito
1296 3476 1486 3529 erupe-

470 3550 594 3589 rant
614 3538 959 3608 cogitationes
973 3551 1355 3603 evanescerent,
1378 3537 1488 3606 pel·

471 3617 563 3670 lita
583 3616 811 3688 quadam
828 3616 885 3668 in
903 3628 1044 3669 veste
1069 3634 1175 3685 qua
1204 3627 1315 3667 erat
1336 3613 1488 3667 indu-

472 3708 587 3758 ιιιε,
627 3695 919 3767 scriptitare
944 3694 1143 3748 solebat
1162 3694 1335 3747 subito
1364 3714 1483 3765 quse

468 3788 725 3827 venerant
762 3776 817 3827 in
848 3787 1102 3827 mentem.
1148 3772 1235 3826 Sic
1269 3774 1482 3827 Cosmes

466 3854 753 3909 Eunuchus
798 3854 974 3907 Abbas
1022 3850 1163 3924 apud
1216 3852 1480 3924 Sophron.

466 3936 549 3987 vel
575 3935 698 3989 Joh.
729 3934 1006 3988 Moschum
1027 3972 1043 4001 ,
1070 3950 1187 4003 cap.
1220 3940 1319 3999 40,
1365 3952 1474 3987 non

460 4016 655 4068 absone
679 4013 1053 4088 praecipiebat:

1578 1872 1723 1925 neris
1741 1869 1943 1944 aliquid
1972 1889 2036 1924 ex
2067 1874 2333 1944 opusculis
2363 1876 2417 1930 S.
2433 1874 2606 1929 Atha·

1577 1952 1708 2004 nesii
1725 1991 1742 2019 ,
1767 1970 1864 2005 nec
1890 1951 2141 2005 habueris
2163 1954 2367 2008 chartas
2385 1954 2454 2008 ud
2470 1957 2606 2009 scri-

1577 2030 1840 2097 bendum,
1868 2033 1923 2083 in
1949 2030 2271 2088 vestimentis
2298 2034 2401 2088 tuis
2425 2033 2603 2089 scribe

1577 2106 1727 2162 illud.
1753 2133 1775 2157 n
1802 2110 1945 2164 Vide
1973 2126 2090 2181 quae
2115 2109 2183 2165 de
2203 2115 2433 2167 vestibus
2459 2114 2600 2167 olim

1577 2189 1783 2259 scriptis
1805 2188 2015 2262 collegit
2035 2188 2174 2246 Phil.
2195 2193 2403 2247 Ruben.
2423 2194 2600 2247 Elect-

1577 2265 1672 2321 m».
1694 2270 1780 2333 11,
1809 2288 1928 2342 cap.
1965 2292 2014 2327 ι.
2043 2266 2222 2321 Hum-

1654 2348 1860 2402 xxm.
1891 2369 1940 2403 1.
1974 2354 2062 2405 Ex
2096 2369 2170 2401 eo.
2210 2350 2290 2403 Ex
2315 2350 2477 2404 caule.
2503 2350 2601 2405 Sic

1575 2444 1672 2479 eeu
1717 2428 1946 2483 solemus
1989 2447 2243 2502 ceparum
2283 2431 2484 2483 tunicas
2525 2430 2601 2485 ab

1573 2506 1689 2560 aliis
1715 2506 1838 2561 alias
1859 2507 2130 2565 divellere.
2159 2508 2338 2561 ΗΑΒ».

1659 2605 1710 2639 2.
1726 2586 1968 2643 Philus-as.
1995 2588 2082 2643 Sic
2103 2600 2286 2641 tenues
2306 2606 2380 2640 eae
2398 2588 2601 2659 papyri

1575 2665 1800 2732 tunicae,
1823 2686 1886 2720 ex
1911 2669 2106 2740 quibus
2123 2668 2300 2721 charta
2313 2666 2393 2733 fit,
2414 2668 2602 2739 appel

1573 2742 1768 2800 lentur.
1786 2746 1984 2801 Graecis
2001 2750 2170 2818 φίλυρα
2185 2745 2296 2799 tilia
2315 2759 2418 2811 est,
2441 2748 2599 2819 cujus

1575 2841 1606 2875 e
1638 2822 1776 2877 libro
1813 2826 2064 2879 interiore
2094 2826 2224 2878 olim
2259 2825 2453 2880 chartae
2495 2844 2600 2897 pa·

1572 2902 1843 2957 rebantur.
1859 2905 2038 2959 Hinn.

1656 2980 1711 3034 3.
1737 2982 2044 3054 principatus
2065 2984 2232 3036 medio.
2259 2982 2470 3037 Scilicet
2491 3001 2597 3053 pn·

1574 3078 1739 3130 pyro,
1775 3063 2072 3135 tunicisque
2097 3082 2187 3115 seu
2215 3062 2441 3134 philuris
2461 3060 2596 3115 inde

1573 3138 1795 3192 avulsis:
1834 3140 1916 3193 ha
1951 3144 2088 3197 inter
2117 3154 2328 3195 caeteras
2358 3141 2598 3194 habuere

1572 3217 1956 3288 principatum,
1997 3223 2070 3275 ob
2096 3220 2424 3275 tenuitatem.
2464 3220 2596 3284 Quo

1572 3296 1850 3367 propiores
1877 3300 2091 3367 cortici,
2117 3300 2433 3354 covilian-ea.
2455 3298 2528 3351 H.

1655 3381 1707 3438 4.
1737 3376 1988 3431 Hier-utica
2013 3378 2344 3451 appellabatur
2371 3378 2590 3446 antiqui-

1573 3468 1664 3507 tus.
1691 3455 2062 3511 Guillandinus
2083 3477 2262 3530 aspere
2273 3454 2592 3508 Turnebum

1569 3534 1926 3605 reprehendit,
1952 3556 2016 3591 ex
2039 3538 2142 3591 hoc
2171 3539 2288 3589 loco
2310 3548 2415 3589 tres
2439 3533 2601 3587 char-

1570 3626 1637 3666 ιω
1657 3615 1852 3685 species
1871 3616 2224 3682 invehentem,
2242 3612 2594 3680 Hier-aticum,

1569 3697 1858 3764 Augustam
1874 3733 1890 3761 ,
1933 3696 2136 3750 Liviam
2152 3734 2168 3759 ,
2216 3691 2440 3747 Advers.
2484 3692 2590 3746 lib.

1569 3772 1704 3839 vll,
1736 3792 1849 3847 cap.
1877 3794 1939 3842 ²3
1969 3793 2131 3845 quum
2153 3791 2260 3825 una
2291 3770 2590 3843 eademque

1567 3854 1652 3915 sit,
1691 3854 1950 3927 AEgyptiis
1970 3853 2111 3908 dicta
2136 3852 2425 3915 Hieratica,
2455 3868 2594 3923 quo—

1565 3934 1706 3987 niam
1731 3934 2008 4005 religionis,
2028 3946 2083 3987 et
2111 3931 2272 3986 sacris
2300 3929 2592 3983 volumini-

1082 4012 1298 4079 ·Quum
1328 4012 1473 4067 inve-
1560 4015 1660 4067 bus
1683 4024 1884 4067 tantum
1927 4012 2095 4067 dicata
2131 4022 2296 4075 esset,
2331 4010 2592 4063 Romanis
