2850 4684
386 304 527 382 536
932 309 1010 383 G.
1064 307 1393 377 PLINII
1443 304 1653 380 NAT.
1701 302 1959 371 HIST.

382 464 515 535 que
542 460 679 507 non
696 461 994 509 arescere
1014 490 1035 523 ,
1062 437 1187 510 nisi
1214 438 1436 507 tenuia
1453 489 1474 525 ,
1499 450 1568 506 et
1596 434 1764 519 lata,
1791 448 1862 503 et
1889 430 2132 505 mollia.
2155 433 2328 521 Quae
2351 454 2508 501 vero

381 566 525 615 non
560 542 899 632 decidant,
934 542 1105 613 callo
1144 542 1439 633 crassa¹,
1469 557 1544 613 et
1575 555 1856 637 angusta
1895 562 2058 610 esse.
2101 536 2316 607 Falsa²
2349 536 2508 606 defi-

388 653 553 723 nitio
588 664 721 737 est,
762 674 899 719 non
934 649 1237 721 decidere
1274 649 1423 737 his,
1461 672 1744 743 quarum
1787 670 2024 717 succus
2067 645 2377 743 pinguior
2411 646 2512 712 sit.

392 758 563 847 Quis
602 756 780 831 enim
830 770 1049 853 potest
1098 759 1167 827 in
1204 756 1353 827 ilice
1400 753 1806 850 intelligere?
1849 751 2176 856 Decidere
2230 752 2516 819 Timaeus

394 864 899 935 mathematicus
938 862 1075 933 sole
1113 865 1546 959 Scorpionem
1589 848 2005 947 transeunte,
2041 856 2272 928 sideris
2311 858 2420 942 vi,
2451 870 2522 924 et

394 969 682 1065 quodam
712 992 971 1039 veneno
1004 971 1211 1057 aeris,
1248 982 1460 1065 putat.
1501 968 1644 1039 Cur
1677 992 1838 1062 ergo
1881 990 2018 1037 non
2045 963 2276 1034 eadem
2321 986 2522 1033 causa

395 1076 749 1147 adversum
778 1100 1009 1145 omnes
1046 1074 1326 1171 polleat,
1352 1077 1503 1207 jure
1536 1075 1874 1145 miremur.
1913 1071 2184 1142 Cadunt
2223 1069 2524 1165 plurimis

397 1196 743 1252 autumno.
806 1180 1133 1271 Quaedam
1173 1168 1468 1257 tardius³
1479 1183 1857 1268 ‘amittunt‚
1913 1194 2110 1274 atque
2155 1180 2225 1246 in
2275 1177 2527 1245 hiemes

336 1318 365 1351 ο
404 1302 771 1385 prorogant
804 1306 1043 1359 moras.
1080 1292 1315 1383 Neque
1352 1274 1667 1359 interest⁴
1711 1288 2034 1357 maturius
2083 1284 2526 1379 germinasse:

405 1410 637 1514 utpote
670 1420 878 1489 quum
917 1396 1217 1489 quaedam
1262 1396 1494 1491 primae
1533 1396 1940 1490 germinent,
1983 1407 2051 1461 et
2091 1392 2266 1460 inter
2305 1389 2532 1457 novis-

406 1504 603 1571 simas
639 1502 1015 1591 nudentur3
1065 1517 1141 1571 ut
1176 1500 1573 1597 amygdalae,
1621 1500 1895 1587 fraxini,
1939 1496 2254 1569 sambuci.
2298 1496 2532 1563 Morus

406 1592 667 1677 autem⁵
724 1608 1085 1679 novissima
1130 1610 1494 1738 germinat,
1557 1632 1712 1677 cum
1760 1607 1987 1702 primis
2035 1602 2194 1673 folia
2239 1602 2532 1672 dimittit.

408 1715 663 1809 Magna
702 1729 773 1783 et
805 1716 874 1783 in
917 1714 1051 1784 hoc
1083 1717 1183 1785 vis
1214 1700 1377 1785 soli⁶
1381 1767 1398 1784 .
1455 1716 1648 1783 Prius
1691 1712 2064 1783 decidunt
2045 1736 2112 1780 m
2167 1710 2354 1781 siccis
2398 1730 2533 1775 ma-

412 1822 707 1915 erisque:
738 1835 807 1890 et
824 1821 1137 1891 vetustae⁷
1170 1822 1354 1916 prius
1388 1821 1610 1890 arbori
1635 1836 1652 1879 :
1679 1818 1902 1889 multis
1926 1819 2158 1904 etiam,
2185 1829 2535 1909 antequam

412 1941 814 1997 maturescat
858 1926 1138 1997 fructus.
1174 1930 1258 1996 In
1296 1928 1587 1997 serotina
1629 1925 1794 2013 ficu,
1843 1940 1910 1994 et
1937 1925 2218 1993 hiberna
2261 1922 2442 2017 piro,
2473 1933 2542 1987 et

414 2032 592 2103 malo
622 2047 898 2129 granato
917 2048 1015 2103 est
1042 2058 1315 2128 pomum
1343 2048 1602 2103 tantum
1623 2018 1647 2057 ⁸
1682 2032 1892 2127 aspici
1931 2031 2001 2100 in
2031 2044 2265 2099 matre.
2313 2030 2544 2121 Neque

417 2138 523 2208 his
555 2152 779 2208 autem
794 2136 844 2227 ⁹,
876 2163 1021 2231 quae
1061 2162 1322 2233 semper
1352 2141 1644 2211 retinent
1667 2162 1892 2209 comas
1911 2192 1932 2226 ,
1963 2137 2194 2207 eadem
2231 2133 2389 2206 folia
2416 2132 2542 2201 du-

420 2258 611 2313 rant:
641 2243 756 2313 sed
778 2241 1327 2315 subnascentibus
1352 2245 1532 2333 aliis,
1555 2260 1698 2315 tum
1730 2258 2037 2315 arescunt
2073 2257 2339 2314 vetera:
2371 2240 2544 2335 quod

420 2350 640 2418 evenit
668 2348 905 2419 circa¹⁰
941 2348 1216 2421 solstitia
1250 2352 1554 2423 maxime.

504 2556 761 2611 XXXIV.
818 2575 869 2610 1.
916 2556 1067 2611 Gallo
1089 2578 1270 2615 crassa.
1310 2560 1448 2615 Cot·

424 2656 591 2710 pore,
618 2655 803 2705 carne,
822 2648 878 2690 et
896 2636 1125 2709 quadam
1146 2639 1312 2693 veluti
1333 2640 1451 2736 pul·

428 2736 514 2791 pa.
546 2718 728 2771 Hann.

515 2796 1237 2869 2.Falra.Theoph1·-Hist.
1267 2798 1452 2865 lih.1,

431 2875 686 2947 cap.15,
730 2894 793 2929 ea
842 2889 1103 2968 perpetuo
1141 2876 1313 2931 virere
1351 2878 1460 2943 ait,

433 2976 552 3029 quae
579 2968 633 3009 et
657 2956 957 3029 angustiore
990 2956 1129 3011 folio
1154 2968 1207 3011 et
1232 2956 1488 3029 pingui·

434 3034 623 3089 tudine
648 3033 876 3107 quadam
902 3033 1131 3107 praedita
1154 3049 1357 3103 essent,
1403 3050 1456 3091 et

436 3114 602 3169 odore
624 3110 921 3185 jucundo:
963 3132 1133 3185 quum
1161 3116 1335 3171 absint
1370 3118 1456 3171 ha

438 3194 591 3247 dotes
613 3193 680 3247 ab
706 3192 845 3245 ilice.
876 3193 1058 3246 Πάντα
1095 3188 1155 3247 δὲ
1172 3202 1267 3249 τῶν
1298 3196 1456 3260 ἄλλων

437 3275 507 3329 τὰ
556 3272 789 3342 &sepone
812 3310 829 3333 ,
892 3276 1272 3346 ςινοφυλλότιρα.
1290 3314 1305 3340 ,
1372 3278 1459 3331 καὶ

437 3353 619 3423 ἔχονταί
644 3370 756 3404 τινα.
778 3352 1090 3425 λιπαρότητα
1118 3352 1201 3409 καὶ
1228 3352 1459 3411 εὐωδίαν.

442 3430 627 3485 Han.

526 3510 578 3563 3.
615 3509 855 3578 Quadam
884 3510 1083 3567 tat-dieu.
1110 3512 1464 3586 Theophrast.

444 3590 583 3645 Hint.
607 3588 701 3642 lib.
734 3589 798 3654 1,
826 3608 941 3661 cap.
974 3592 1060 3645 15.
1094 3588 1278 3647 lium.

530 3676 585 3733 4.
634 3666 803 3741 Neque
862 3674 1073 3725 interese.
1116 3672 1245 3729 Hoec
1295 3673 1469 3728 verbis

448 3746 669 3803 totidem
686 3748 963 3820 Theophr.
990 3750 1027 3803 1.
1050 3769 1098 3805 e.
1126 3747 1306 3806 Hm».

534 3826 562 3881 5
575 3866 588 3880 .
612 3826 785 3881 Morus
794 3841 968 3881 autem.
984 3830 1260 3902 Theophr.
1273 3833 1309 3895 l.
1332 3850 1380 3885 c.
1401 3830 1470 3883 H.

1535 2557 1900 2630 cup-&mecon
1939 2560 2023 2613 καὶ
2053 2562 2080 2613 ὁ
2117 2560 2266 2621 τόπος
2307 2562 2332 2613 ὅ
2369 2560 2552 2629 {vapor

1535 2641 1654 2711 πρὸς
1679 2641 1736 2693 τὸ
1775 2634 2054 2709 διαμένειν,
2080 2652 2180 2694 etc.
2211 2638 2487 2710 Theophr.
2517 2640 2552 2689 1.

1537 2736 1586 2777 e.
1618 2720 1684 2783 ln
1714 2719 1868 2773 libris
1895 2716 2212 2791 quibusdam
2234 2757 2252 2785 ,
2290 2722 2370 2772 vis
2405 2718 2516 2771 solis
2537 2756 2555 2783 ,

1538 2799 1678 2851 male
1727 2818 1742 2833 ·
1796 2817 1962 2871 quum
2024 2812 2274 2871 sequatur
2315 2798 2559 2873 proxime

1539 2884 1694 2931 cansa
1715 2880 1888 2949 ejusce
1911 2878 2141 2951 placiti.
2175 2880 2382 2933 «Prius
2416 2876 2558 2931 deci·

1542 2956 1722 3011 dnnt'
1707 2978 1765 3011 m
1794 2958 1978 3026 siccis,
2005 2957 2374 3031 maci-inque.-
2350 2958 2476 3010 »IL

1625 3057 1681 3107 7.
1719 3030 1954 3091 Vetusta
1979 3038 2080 3093 Ch.
2101 3050 2360 3094 vetustate.
2381 3039 2483 3091 En.

1625 3118 1680 3171 8.
1689 3116 1892 3170 Pontum
1907 3130 2109 3171 tantum.
2131 3119 2378 3173 Decusds
2389 3118 2564 3171 hieme

1544 3196 1687 3251 foliis
1734 3198 2018 3263 universis,
2057 3198 2239 3251 arbori
2269 3197 2444 3251 adhue
2467 3215 2567 3268 po·

1545 3293 1696 3331 mum
1723 3276 2046 3337 adlici-escit.
2069 3274 2255 3329 Hum.

1631 3376 1688 3427 9·
1715 3358 1885 3429 Neque
1909 3360 1984 3411 luis
2025 3370 2199 3411 autem.
2218 3356 2566 3428 Theophrast-

1552 3437 1588 3489 1.
1620 3454 1667 3489 c.
1701 3434 1886 3491 Hmn.

1641 3533 1726 3569 ιο.
1767 3517 1920 3587 Quod
1969 3521 2124 3575 evenit
2164 3519 2326 3581 eirca,
2356 3511 2462 3569 0th
2487 3512 2573 3567 Sic

1557 3614 1624 3650 ex
1647 3594 1801 3649 MSS.
1829 3614 1935 3651 em.
1976 3594 2148 3651 Hand.
2181 3614 2328 3651 oona.
2355 3592 2476 3649 MS.
2521 3604 2580 3647 et

1558 3675 1662 3729 Ch.
1729 3676 1864 3747 quod
1907 3680 2059 3736 evenit
2118 3680 2249 3729 eima
2309 3676 2577 3729 solstitium.

1559 3754 1882 3825 Muimaeffl.
1917 3756 2014 3812 Gr.
2039 3769 2094 3811 et
2110 3756 2312 3811 ALEn.
2329 3786 2411 3798 --
2436 3754 2579 3807 Cema

1559 3837 1765 3889 solstitia
1787 3840 2008 3891 anim.
2055 3838 2134 3891 Iu
2175 3834 2332 3890 MSS.
2377 3850 2580 3888 omnes.

532 3910 585 3959 6.
628 3907 683 3957 V
680 3911 717 3959 ιζ·
758 3908 866 3962 soli.
907 3912 1049 3963 Δοκεῖ
1077 3906 1135 3963 δὲ
1165 3912 1249 3966 καὶ
1274 3912 1306 3969 ἡ
1336 3910 1475 3982 χώρα
1563 3914 1723 3987 Apud
1740 3916 1983 3985 Latinos,
2004 3918 2096 3989 qui
2119 3928 2258 3971 caste
2277 3916 2580 3986 integreque
