2850 4684
1002 377 1324 446 LIBER
1374 379 1588 448 XIV.

2201 370 2351 446 331⁶

242 491 500 591 aliud'⁵,
534 506 788 599 inquit,
822 505 1051 578 viuum
1087 506 1266 591 bibi,
1308 533 1508 602 quam
1543 511 1866 640 remiffes:
1911 538 1946 577 ι»
1987 511 2054 577 in
2094 524 2356 579 tantum

244 611 562 682 dissimilis
600 613 774 700 istis,
814 613 929 707 qui
977 613 1174 692 etiam
1220 616 1518 684 convivis
1558 614 1713 684 alia¹
1756 668 1777 703 ,
1819 637 2018 708 quam
2070 613 2358 684 sibimet-

245 719 425 811 ipsis,
459 719 861 804 ministrant‚
900 733 1017 788 aut
1050 719 1518 813 procedente¹⁷
1554 745 1782 792 mensa
1817 721 2188 814 subjiciunt.

336 826 495 892 XV.
554 825 949 893 Lautissima
1008 825 1187 919 apud
1242 827 1496 921 priscos
1561 828 1716 896 vina
1771 840 2010 910 erant3
2078 826 2364 920 myrrhae
2405 854 2426 887 1
2489 915 2494 922 Β

250 927 450 998 odore
506 928 850 1014 condita¹,
889 943 967 998 ut
1013 947 1290 1025 apparet
1328 931 1398 1000 in
1435 931 1648 1003 Plauti
1691 931 1948 1020 fabula,
1989 954 2136 1026 quae
2169 934 2372 1002 Persa

332 1118 419 1173 15.
450 1118 566 1172 Non
588 1117 743 1173 aliml.
778 1117 1093 1180 Frontinus,
1123 1117 1265 1172 Stra·
1353 1121 1550 1192 quibus
1572 1121 1848 1194 aliquanto
1871 1119 2067 1176 rectius
2089 1132 2182 1174 tua
2203 1120 2376 1172 eonti-

254 1212 356 1270 τος.
378 1198 474 1251 lib.
504 1197 607 1262 lv,
626 1215 726 1268 cap
772 1197 803 1250 3
833 1216 847 1248 2
875 1197 985 1250 ·M.
1010 1199 1267 1252 Catonem

253 1281 379 1331 vino
405 1275 595 1330 eodem
619 1295 727 1349 quo
754 1277 1010 1346 remiges,
1052 1290 1271 1331 conten-

257 1371 365 1411 tum
380 1375 489 1410 esse
505 1355 749 1408 traditur.
773 1380 795 1401 ι
817 1357 1002 1411 Festus
1015 1356 1070 1410 in
1084 1357 1274 1430 fragm.

258 1455 372 1508 pag.
409 1439 477 1490 18
505 1452 519 1486 ε
554 1461 577 1483 ι
604 1435 737 1488 Cato
762 1436 819 1486 in
851 1455 911 1488 ea
951 1453 1109 1507 quam
1148 1437 1275 1490 scri-

260 1517 395 1588 psit,
433 1533 599 1586 quum
630 1515 685 1566 in
713 1515 1021 1586 Hispaniam
1062 1515 1277 1588 profici·

262 1607 489 1648 soeretur
505 1593 604 1659 ,ait
630 1611 644 1646 ε
674 1595 909 1656 Navitae‚
936 1593 1079 1666 quod
1103 1612 1280 1650 secum

265 1685 595 1746 portaverant
637 1673 818 1727 vinum
856 1687 1017 1746 atque
1064 1675 1242 1727 oleum
1264 1709 1280 1732 ‚

268 1773 387 1806 usus
408 1765 613 1806 tantum
635 1772 698 1806 eo
724 1772 859 1807 sum.
896 1780 919 1802 ι
958 1753 1140 1806 ΒΑΜ).

352 1837 441 1886 16.
473 1832 578 1903 Qui
594 1835 738 1884 etiam
762 1837 965 1886 convivis
991 1834 1111 1886 alia.
1138 1831 1287 1884 Nihil

272 1912 501 1965 festivius
528 1911 584 1964 in
617 1930 729 1964 eam
761 1932 871 1966 rem
900 1912 1032 1975 dici,
1062 1925 1155 1966 aut
1182 1911 1293 1964 ele-'

274 1993 477 2062 gantius
503 2003 707 2062 potest,
742 2011 899 2062 quam
928 1992 1073 2064 quod
1096 1989 1163 2044 de
1190 1991 1288 2042 ho-

277 2072 429 2123 minis
464 2070 667 2125 sordidi
694 2071 851 2125 simul
881 2085 932 2126 et
961 2071 1291 2141 sumptuosi,

278 2149 417 2222 quod
442 2147 640 2202 deinde
670 2149 738 2202 de
774 2171 871 2204 suo
911 2168 1059 2204 more
1091 2150 1293 2203 Plinius

279 2231 403 2282 alter
454 2227 731 2299 prodidit,
780 2231 878 2282 lib·
928 2231 986 2283 II
1016 2269 1033 2294 ,
1082 2250 1170 2301 ep.
1208 2249 1235 2281 a
1276 2245 1292 2281 t

282 2331 303 2350 ·
328 2306 489 2361 Aliud
522 2309 621 2362 sibi
664 2310 875 2373 vinum,
918 2325 971 2364 et
1000 2309 1183 2373 nobis,
1210 2309 1295 2361 in-

281 2389 422 2458 quit,
456 2386 606 2440 aliud
627 2389 924 2442 minoribus
946 2389 1125 2442 amicis
1145 2385 1296 2452 (nam

284 2465 539 2538 gradatim
558 2468 752 2521 amicos
769 2459 963 2536 habet)
980 2507 996 2532 ,
1024 2466 1169 2521 aliud
1196 2467 1301 2520 suis

284 2547 585 2618 nostrisque
646 2547 866 2600 libertis.
919 2545 1303 2601 Animadvertit

288 2627 375 2697 qui
396 2625 531 2677 mihi
566 2627 839 2698 proximus
864 2628 1231 2690 recumbebat,
1252 2639 1305 2679 et

290 2723 350 2757 an
379 2707 661 2776 probarem
681 2705 1026 2779 interrogavit
1051 2727 1065 2759 ι
1097 2705 1306 2777 negavi.

288 2785 373 2837 Tu
390 2801 517 2855 ergo
530 2825 545 2847 ,
568 2784 745 2855 inquit
761 2825 776 2849 ,
795 2795 957 2858 'quam
978 2783 1310 2838 consuetudi-

292 2881 413 2916 nem
440 2865 675 2935 sequeris
688 2865 713 2916 'z'
732 2864 929 2918 Eadem
954 2865 1201 2918 omnibus
1217 2883 1310 2934 po-

292 2962 362 2995 no
379 2959 393 2994 ε
409 2941 477 2995 ad
494 2961 695 2996 coenam
722 2945 861 2997 enim
877 2985 893 3010 ,
918 2963 1027 2996 non
1046 2944 1113 2998 ad
1130 2957 1309 2996 notam
1379 2943 1390 2953 ’

294 3022 462 3074 invito
493 3040 508 3075 ε
539 3023 847 3094 cunctisque
874 3025 1033 3078 rebus
1056 3041 1277 3094 exaequo
1298 3061 1314 3087 ,

296 3119 427 3172 quos
440 3119 619 3157 mensa
640 3115 691 3156 et
702 3113 821 3156 toro
836 3103 1056 3175 aquavi.
1074 3103 1314 3155 Etiamne

296 3181 545 3235 libertos?
567 3182 725 3235 etiam
756 3199 771 3234 z
800 3183 1129 3236 convictores
1156 3183 1313 3234 etiam

300 3273 456 3324 tune,
481 3279 597 3314 non
626 3261 847 3314 libertos
888 3275 1036 3334 put0.
1075 3261 1144 3314 Et
1188 3261 1278 3313 ille
1301 3298 1319 3325 ,

300 3339 497 3412 Magno
524 3339 625 3392 tibi
656 3352 861 3394 constat
887 3358 902 3395 ε
942 3341 1181 3394 Minime.
1212 3339 1322 3406 Qui

304 3417 635 3492 fieripotesti‘
650 3419 791 3484 Quia
811 3419 1009 3474 scilicet
1028 3421 1203 3472 liberti
1217 3419 1323 3472 mei

304 3515 411 3550 non
447 3497 591 3552 idem
628 3497 776 3570 quod
825 3517 922 3571 ego
960 3499 1182 3564 bibunt,
1231 3496 1325 3551 sed

306 3576 446 3630 idem
468 3596 569 3649 ego
597 3577 745 3649 quod
758 3577 955 3632 liberti.
982 3579 1051 3632 Et
1080 3577 1325 3642 hercule,

308 3657 349 3709 si
386 3657 521 3728 gula
556 3670 817 3728 temperes
832 3697 849 3724 ,
883 3677 992 3711 non
1024 3669 1101 3709 est
1134 3675 1327 3710 onero-

309 3753 424 3787 sum
447 3775 462 3801 ,
499 3754 609 3807 qno
642 3737 808 3790 utaris
837 3737 951 3808 ipse
972 3777 988 3802 ,
1032 3737 1329 3790 communi-

310 3833 428 3868 ατο
458 3835 581 3868 cnm
606 3815 865 3884 pluribus.
890 3817 987 3869 Illa
1015 3835 1143 3886 ergo
1162 3815 1331 3884 repri-

311 3893 502 3947 menda
522 3933 539 3960 ‚
575 3894 663 3946 ina
686 3895 835 3966 quasi
855 3898 910 3949 in
927 3894 1170 3950 ordinem
1190 3893 1332 3946 redi-

312 3973 481 4043 gend·
524 3985 601 4026 est
621 4012 637 4042 ,
686 3973 725 4026 si
770 3975 1067 4046 sumptibus
1116 3991 1297 4044 parcas
1316 4015 1334 4041 ‚

1357 1200 1567 1266 nentia,
1621 1219 1780 1274 quam
1825 1200 2003 1252 aliena
2059 1198 2377 1252 contumelia

1360 1281 1618 1334 consulas.
1650 1305 1672 1328 ι
1714 1281 1929 1349 Spectat
1953 1279 2062 1330 huc
2091 1292 2145 1332 et
2177 1279 2384 1347 elegans

1362 1359 1620 1414 Martialis
1631 1361 1724 1414 lib.
1740 1359 1845 1418 111,
1863 1358 2030 1430 epigr.
2043 1377 2112 1412 Lx
2129 1375 2144 1410 t
2164 1379 2186 1401 ι
2201 1356 2383 1421 Quum

1350 1457 1526 1502 ‘vocer
1549 1438 1616 1492 ad
1637 1457 1868 1502 coenam,
1895 1455 2006 1490 non
2023 1440 2132 1506 jam
2153 1436 2354 1489 venalis
2369 1474 2386 1500 ‚

1369 1531 1430 1571 ut
1469 1531 1592 1572 ante
1617 1536 1631 1570 ε
1677 1518 1788 1571 Cur
1835 1517 1968 1568 mihi
2018 1535 2125 1568 non
2165 1513 2350 1570 eadem
2373 1552 2388 1577 ,

1372 1617 1493 1670 quae
1512 1597 1640 1661 tibi,
1672 1615 1822 1651 coena
1851 1594 2166 1648 datm-Pete.
2203 1620 2224 1640 ι-
2259 1594 2328 1646 Η.

1461 1697 1551 1746 17.
1578 1679 1687 1730 Aut
1701 1676 2001 1746 procedente.
2033 1676 2138 1726 Aut
2162 1673 2206 1726 si
2231 1671 2393 1724 semel

1374 1755 1612 1810 convivis
1647 1755 1829 1809 eadem
1852 1773 1914 1808 ao
1939 1752 2278 1824 sibimetipsis
2293 1751 2396 1804 mi-

1374 1836 1664 1888 nistravere
1689 1835 1840 1900 vina,
1867 1831 2187 1905 procedente
2219 1849 2399 1884 mensa

1376 1914 1479 1968 alia
1527 1913 1715 1967 iisdem
1736 1950 1753 1979 ,
1803 1933 1864 1966 ac
1913 1912 2176 1968 deteriora
2233 1909 2400 1979 subji-

1380 1993 1549 2048 ciunt.
1590 1991 1770 2044 Hum-

1460 2074 1588 2126 XV.
1650 2090 1697 2123 1.
1741 2073 1964 2142 Myrrhae
1999 2070 2144 2122 odore
2173 2067 2401 2120 aaudiat.

1382 2153 1619 2224 Myrrha
1645 2149 1865 2206 odorem
1897 2151 1987 2203 hic
2013 2152 2068 2202 τὸ
2105 2149 2283 2218 ἄρωμα.
2309 2165 2404 2199 vo-

1383 2245 1467 2286 cat
1495 2230 1708 2285 colum.
1748 2230 1841 2284 lib.
1873 2229 2018 2295 XII,
2048 2247 2162 2301 cap.
2206 2246 2292 2296 19.
2320 2222 2407 2276 Ad

1383 2310 1694 2383 praedictum
1711 2323 1884 2363 autem
1900 2307 2122 2362 modum
2145 2307 2307 2360 musti
2323 2302 2412 2356 ad-

1383 2392 1476 2464 jici
1533 2389 1726 2444 debent
1769 2389 1828 2443 hi
1863 2387 2096 2452 odores,
2139 2385 2296 2440 nardi
2330 2384 2411 2436 fo-

1386 2470 1519 2523 lium
1538 2507 1555 2534 ,
1577 2470 1669 2522 iris
1694 2469 1907 2540 Illyrica
1925 2507 1940 2532 ,
1987 2465 2214 2520 nardum
2245 2463 2413 2518 Galli-

1392 2569 1534 2604 cum.
1571 2547 1733 2602 Brod.
1761 2549 1855 2600 lib.
1889 2547 1990 2611 IV,
2029 2564 2143 2615 cap.
2187 2563 2273 2596 20.
2314 2541 2414 2594 Vi-

1390 2647 1523 2683 num
1551 2629 1625 2681 sic
1649 2626 1926 2680 conditum
1961 2623 2226 2693 ἀνθοσμίαν
2255 2617 2376 2674 οἶνον
2400 2657 2418 2683 ,

1395 2721 1448 2762 et
1485 2707 1673 2763 ἀνθίνην
1715 2705 1890 2758 Graeci
1929 2704 2221 2764 vocabant,
2265 2713 2324 2753 ut
2365 2711 2418 2751 et

1394 2787 1572 2841 Latini
1589 2798 1789 2839 veteres
1805 2783 1916 2835 vini
1936 2781 2120 2834 florem
2139 2819 2154 2846 ,
2167 2779 2380 2832 -Ennius
2403 2796 2416 2829 :

1402 2894 1425 2916 ι
1467 2865 1592 2919 Haec
1646 2883 1774 2918 anus
1829 2858 2120 2916 admodum
2174 2858 2381 2930 Friguit
2406 2895 2422 2922 ,

1397 2945 1653 2999 nimirum
1679 2941 1932 2996 sauciavit
1944 2960 1998 2994 se
2022 2939 2152 2992 flore
2169 2937 2370 2992 Liberi.
2392 2962 2416 2983 ι

1400 3026 1604 3078 Duae.
1625 3051 1708 3064 --
1735 3021 1948 3094 Myrrhoe
1978 3020 2139 3073 odore.
2183 3017 2270 3072 Sic
2301 3015 2426 3069 libri

1401 3120 1587 3156 omnes
1636 3101 2005 3166 vetustissimi,
2061 3099 2239 3152 Parm.
2286 3098 2426 3150 Ven.

1402 3182 1668 3240 Brixiens.
1687 3181 1971 3252 caeterique
2001 3179 2144 3233 editi.
2180 3176 2268 3231 Sic
2293 3177 2426 3247 Reg.

1413 3281 1441 3314 α
1474 3299 1492 3328 ,
1531 3259 1666 3316 cod.
1709 3274 1762 3314 et
1801 3260 1922 3313 Par.
1961 3259 2049 3312 Sic
2087 3259 2290 3311 Plinius
2314 3255 2430 3327 ipse

1408 3340 1674 3412 scripsisse
1729 3357 1784 3392 se
1835 3339 2159 3412 apertissime
2205 3334 2390 3407 prodit
2414 3374 2431 3398 ,

1412 3433 1527 3474 tum
1556 3420 1666 3473 hoc
1691 3421 1813 3473 loco
1829 3459 1846 3486 ,
1889 3437 2055 3491 quum
2080 3419 2181 3482 ait,
2211 3429 2266 3468 et
2295 3414 2433 3466 cala-

1412 3519 1538 3553 mum
1558 3501 1610 3554 in
1635 3519 1696 3552 ea
1716 3499 1836 3552 vina
1859 3497 2018 3570 adjici
2038 3515 2052 3550 :
2082 3496 2226 3550 unde
2241 3493 2434 3548 intelli·

1413 3581 1559 3652 gitur
1593 3579 1854 3651 peculiare
1873 3581 1980 3648 jam
2007 3577 2076 3630 ab
2103 3593 2168 3630 eo
2189 3571 2438 3628 aromatis

1416 3677 1580 3734 genus
1600 3659 1756 3712 fuisse
1772 3657 2102 3730 designatum
2118 3693 2132 3714 ‚
2162 3653 2438 3730 myrrham

1418 3737 1664 3793 videlicet
1691 3757 1703 3790 :
1748 3752 1859 3792 tum
1881 3757 2010 3790 vero
2036 3735 2263 3788 maxime
2279 3773 2294 3800 ,
2327 3749 2438 3802 cap.

1430 3838 1495 3890 ¹9
1515 3858 1531 3883 ,
1555 3818 1652 3872 ubi
1677 3818 1866 3871 vinum
1897 3815 2208 3872 aromatiten
2239 3807 2440 3864 deseri·

1420 3899 1554 3951 bens
1590 3919 1602 3948 :
1647 3919 1668 3941 ι
1699 3896 2028 3950 Aromatiten
2052 3935 2069 3957 ,
2112 3890 2318 3961 inquit,
2358 3889 2442 3940 in-

1424 3977 1580 4030 venio
1607 3977 1900 4030 factitatum
1919 4013 1936 4040 ,
1977 3985 2180 4026 tantum
2207 3987 2316 4021 non
2343 3983 2444 4018 un-
