2850 4684
998 410 1305 480 LIBER
1366 412 1571 481 xv1.
2210 404 2338 503 571

220 555 416 612 verat
445 538 990 633 Theophrastus:
1028 567 1153 611 nec
1196 545 1263 610 in
1312 542 1544 627 India,
1589 544 1716 612 nisi
1761 543 1830 609 in
1867 556 2092 611 monte
2134 542 2350 609 Mero.

222 648 413 735 Quin
438 661 507 716 et
522 644 1109 741 Harpalum‚omni
1135 648 1334 718 modo
1363 648 1714 735 laborasse,
1733 662 1810 717 ut
1843 661 2088 718 sereret
2121 646 2352 715 camin

224 753 447 822 Medis
462 750 511 839 ²,
546 752 820 821 frustra:
846 741 1331 823 Alexandrum³
1366 778 1530 825 vero
1556 754 1645 824 ob
1671 756 2002 823 raritatem
2036 754 2128 822 ita
2161 776 2352 821 coro·

224 873 387 927 nato
416 859 705 928 exercitu
726 908 745 942 ‚
778 858 1099 928 victorem
1130 885 1213 929 ex
1246 861 1435 930 India
1472 860 1740 930 rediisse
1753 914 1774 947 ‚
1801 857 2104 954 exemplo
2131 857 2358 929 Liberi

226 965 443 1034 Patris
464 980 483 1029 ε
504 964 691 1058 cujus
716 964 845 1033 Dei
864 980 932 1033 et
951 990 1131 1036 nunc
1155 967 1437 1038 adornat
1462 968 1724 1061 thyrsos
1742 1018 1762 1051 ‚
1793 965 2138 1059 galeasque
2155 966 2354 1033 etiam

228 1094 308 1139 ac
344 1084 554 1156 scuta,
575 1069 645 1138 in
656 1069 951 1141 Thraciae
980 1070 1277 1166 populis,
1304 1074 1371 1142 in
1401 1072 1808 1143 solemnibus
1830 1074 2048 1142 sacris.
2077 1071 2356 1139 Inimica

230 1175 453 1244 arbori
467 1161 517 1261 ⁴,
570 1177 855 1270 satisque
902 1178 1209 1248 omnibus
1243 1200 1261 1246 t
1307 1178 1642 1275 sepulcra,
1702 1203 1928 1247 muros
1981 1200 2294 1271 rumpens
2333 1204 2351 1244 ε

230 1282 633 1381 serpentium
664 1269 927 1376 frigori⁵
966 1286 1363 1379 gratissima,
1385 1301 1463 1354 ut
1489 1287 1730 1353 mirum
1772 1286 1856 1354 sit
1897 1282 2102 1353 ullum
2137 1283 2354 1351 hono-

228 1412 371 1457 rem
414 1387 714 1456 habitum
765 1390 847 1457 ei.
911 1392 1067 1460 Duo
1123 1377 1404 1499 genet-21⁶
1449 1392 1592 1485 ejus
1633 1392 1884 1487 prima,
1939 1405 2016 1459 ut
2075 1387 2354 1483 reliqua·

232 1561 413 1615 affine.
438 1562 472 1613 J
476 1557 617 1624 uss.).
644 1560 835 1615 Plures
864 1562 1054 1617 Noster
1080 1564 1250 1619 varie-

232 1654 368 1695 tates
396 1654 687 1694 enumerat.
715 1642 817 1695 En.

314 1741 367 1772 2.
400 1720 463 1772 In
485 1719 661 1772 Medis.
693 1720 813 1774 Non
839 1720 894 1774 in
922 1720 1031 1792 ipsa
1055 1722 1253 1789 Media,

231 1797 327 1853 sed
350 1798 625 1870 Babylone
641 1836 658 1864 ‚
688 1818 805 1871 qun
840 1799 1123 1855 Medorum
1166 1801 1250 1856 di-

233 1878 397 1933 tionis
426 1879 547 1932 fuit.
587 1878 939 1950 Theophrast.
967 1881 1073 1935 loc.
1106 1881 1249 1936 citat.

230 1947 299 2011 Ἑν
314 1961 415 2018 τοῖς
433 1952 757 2029 παραδείσοις
777 1962 877 2021 τοῖς
900 1961 1009 2031 περὶ
1026 1960 1255 2015 meum-

232 2057 297 2091 να
329 2026 558 2109 {para-10<
589 2040 820 2106 φυτιῦων.
842 2080 855 2092 .
874 2080 888 2092 .
924 2037 1060 2095 οὐδὲν
1098 2040 1249 2097 ἰποίιι

232 2118 397 2171 πλέον.
446 2118 526 2170 De
572 2116 809 2189 Harpalo
833 2157 849 2182 ‚
876 2120 881 2125 ’
903 2138 1063 2191 quem
1120 2120 1251 2173 olim

232 2194 540 2249 Alexander
561 2196 699 2249 inter
718 2196 1019 2263 fidissimos,
1040 2218 1161 2253 mox
1174 2200 1255 2253 in-

234 2288 319 2329 ter
360 2274 534 2329 hostes
574 2276 791 2343 babuit,
818 2276 943 2331 vide
970 2280 1251 2346 Curtium,

234 2355 332 2407 lib.
355 2356 406 2407 X
424 2395 440 2417 ‚
465 2374 581 2427 cap.
607 2362 662 2421 6,
686 2375 804 2427 pag.
829 2356 1057 2427 393.De
1074 2373 1253 2414 monte

238 2434 396 2488 Mero
423 2431 653 2488 diximus
676 2435 771 2488 lib.
796 2436 875 2489 vl
891 2476 906 2501 ,
930 2456 1048 2509 cap.
1071 2440 1161 2492 23.
1183 2440 1251 2491 H.

318 2514 373 2566 3.
406 2514 761 2568 Alexandrum.
777 2514 1132 2587 Theophrast.
1148 2518 1251 2571 loc.

233 2592 326 2645 cit.
349 2606 401 2645 et
426 2611 490 2645 ex
526 2612 589 2646 eo
622 2595 903 2660 Arrianus,
924 2597 1030 2662 VI,
1063 2598 1154 2651 ²3.
1182 2596 1251 2649 Η.

320 2678 373 2735 4.
398 2672 603 2725 Inimica
630 2674 819 2736 arbori,
847 2686 948 2727 etc.
971 2675 1255 2739 Laberius,

240 2752 353 2805 .Ut
382 2749 541 2805 edera
570 2770 786 2823 serpens
832 2752 967 2807 vires
1009 2756 1256 2808 arboreas

232 2842 387 2885 necat
402 2868 419 2895 ‚
440 2833 521 2885 Ita
546 2850 633 2885 me
654 2844 877 2885 vetustas
900 2834 1147 2903 amplexu
1168 2850 1257 2886 an-

234 2928 431 2963 norum
482 2923 698 2977 enecat;
742 2912 1014 2983 Sepulcris
1041 2913 1255 2979 similis,

232 2988 313 3041 nil
344 2989 445 3044 nisi
490 3007 687 3045 nomen
729 2992 952 3045 retineo.
973 3018 996 3040 n
1052 2995 1253 3047 Duae.

322 3068 374 3121 5.
420 3068 715 3140 Serpentium
742 3072 945 3142 frigori.
988 3071 1255 3138 Quoniam

239 3144 398 3202 edera
425 3147 632 3221 frigidis
654 3149 788 3204 locis
809 3148 1035 3223 gaudet,
1064 3151 1255 3207 subet

235 3240 507 3299 serpentes
531 3228 777 3283 lubenter
806 3231 1002 3295 latent,
1029 3250 1255 3304 quarum

236 3318 315 3359 est
336 3306 493 3361 etiam
523 3322 709 3363 natura
734 3309 1041 3382 perfrigida.
1071 3308 1255 3366 Hum-

322 3388 376 3440 6.
404 3387 522 3439 Duo
546 3406 743 3457 genera.
771 3389 907 3455 Quo
943 3392 1099 3462 κίστῳ
1118 3430 1135 3455 ,
1170 3392 1255 3445 vel

234 3464 389 3536 κίσοῳ
402 3466 683 3521 tribuenda
700 3481 871 3533 erant,
889 3488 950 3523 ea
963 3478 1119 3542 κισσῷ
1138 3469 1259 3525 ede·

234 3560 313 3595 τω
345 3544 711 3616 imprudenter
734 3550 1013 3620 assignasse
1036 3550 1257 3621 quibus·

236 3621 360 3675 dam
416 3623 627 3678 videtur
666 3626 885 3681 Plinius.
945 3628 1258 3702 Theophra-

236 3702 307 3755 sti
354 3700 537 3757 Graes
554 3738 571 3767 ,
610 3723 729 3775 quo
775 3707 864 3761 hic
897 3710 1259 3779 representari

238 3780 401 3853 vulgo
426 3781 720 3838 creduntur
733 3823 750 3852 ,
765 3786 881 3841 baec
894 3799 1034 3847 sunt,
1048 3806 1111 3841 ex
1122 3788 1257 3843 Hist-

240 3860 411 3915 Plant.
434 3862 529 3915 lib.
554 3864 667 3929 VI,
694 3883 741 3917 c.
772 3883 800 3917 s
824 3883 837 3917 z
860 3866 963 3919 Καὶ
980 3864 1073 3937 γὰρ
1091 3874 1259 3922 κισσοῦ

241 3936 333 3993 δύο
372 3944 487 4011 γένη
510 3938 779 4015 διαιροῦσι,
808 3947 861 3997 τὸ
901 3946 983 4015 μὲν
1008 3946 1145 4018 ἄρῥιν
1162 3986 1179 4009 ,
1204 3950 1261 4001 τὸ

1338 1586 1498 1636 τερον,
1527 1566 1610 1617 καὶ
1649 1564 1976 1635 λιπαρώτερον
2003 1566 2169 1635 φύλλον
2197 1565 2322 1632 ἔχειν
2339 1602 2357 1627 ,

1338 1646 1421 1699 καὶ
1451 1648 1507 1698 τὸ
1540 1645 1676 1706 ἄνθος
1713 1644 2074 1715 ἃπιπορφυρίζον
2093 1661 2106 1673 ·
2127 1642 2272 1713 ἄμφω
2305 1638 2358 1695 ὃ·

1339 1726 1486 1795 ὅμοια
1505 1728 1604 1785 τοῖς
1635 1724 1814 1794 ἀγρίοις
1839 1720 1996 1793 ῥόδοις
2013 1758 2030 1785 ,
2053 1722 2178 1779 πλὴν
2212 1723 2359 1774 ἐλάτ-

1339 1825 1446 1869 τω,
1486 1806 1570 1857 καὶ
1606 1803 1796 1873 ἄεισμα..
1834 1803 1966 1869 Qnae
2011 1801 2192 1855 omnia
2233 1814 2362 1855 sunt

1338 1883 1593 1937 Plinianis
1621 1882 1890 1935 simillima
1916 1900 1931 1936 t
1979 1893 2035 1935 et
2059 1881 2235 1953 Plinio
2257 1881 2360 1933 im-

1337 1963 1578 2033 posuisse
1599 1961 1921 2016 existimatur
1945 1959 2201 2016 mendum
2222 1960 2360 2014 illud

1338 2041 1485 2113 quod
1520 2044 1628 2112 jem
1691 2054 1802 2095 tum
1849 2044 1916 2093 ab
1960 2041 2101 2095 illius
2145 2056 2258 2093 aevo
2303 2042 2360 2095 in

1336 2120 1694 2193 Theophrasti
1752 2120 2025 2195 codicibus
2083 2119 2361 2173 inolevisse

1336 2202 1513 2266 aiunt,
1564 2198 1835 2272 hodieque
1875 2218 2210 2272 perseverare
2229 2237 2248 2261 ‚
2302 2212 2364 2253 ut

1338 2284 1504 2343 κισσὸς
1527 2300 1627 2352 pro
1648 2282 1813 2341 κῖστος
1830 2320 1846 2345 ,
1862 2280 1944 2334 vel
1959 2281 2118 2341 κίσθος
2137 2279 2362 2351 legatur,

1340 2358 1484 2415 unde
1515 2358 1685 2414 edera
1721 2360 1962 2413 incautus
1981 2356 2362 2431 adscripserit,

1338 2460 1457 2513 qno
1474 2440 1631 2493 cisthi
1647 2440 1854 2493 fruticis
1863 2453 1985 2493 sunt
1999 2438 2233 2511 propria.
2249 2439 2363 2492 Cur

1339 2522 1610 2573 enimvero
1654 2520 2048 2590 Theophrastus
2087 2518 2192 2570 hoc
2218 2518 2362 2571 libro

1340 2611 1488 2653 sexto
1515 2596 1726 2650 ederam
1751 2598 1944 2650 iterum
1974 2595 2362 2651 retractandam

1340 2689 1570 2730 sumeret
1589 2676 1730 2729 inter
1761 2676 2008 2740 frutices,
2035 2694 2191 2745 quam
2223 2674 2362 2727 libro

1336 2758 1446 2826 jam
1471 2758 1657 2812 tertio.
1686 2772 1803 2825 cap.
1843 2754 1943 2807 ult.
1991 2754 2106 2805 fuse
2131 2752 2362 2823 explica·

1342 2834 1456 2887 rat?
1479 2836 1666 2907 Neque
1695 2852 1824 2887 vero
1860 2831 2029 2887 edero
2059 2831 2158 2885 flos
2196 2830 2360 2885 ullam

1339 2914 1502 2967 babet
1521 2932 1646 2967 cum
1677 2931 1792 2966 rosa
1819 2910 2254 2965 similitudinem:
2291 2912 2364 2963 ci·-

1340 2993 1446 3048 athi
1475 2994 1572 3047 flos
1613 2993 1789 3045 babet.
1830 2993 2033 3044 Verum
2075 2990 2145 3043 ab
2170 2990 2364 3043 invidis

1341 3072 1784 3127 obtrectatoribus
1809 3108 1827 3135 ‚
1866 3084 1919 3123 et
1979 3070 2252 3123 malevolis
2305 3066 2364 3121 id
2479 3126 2499 3141 ο

1341 3154 1610 3225 objectum
1648 3152 1824 3204 Plinio
1865 3151 2215 3209 arbitramur.
2253 3161 2370 3213 etc.

1342 3232 1525 3287 Hsnn.
1567 3264 1646 3275 --
1671 3232 1946 3302 Reliquam
1973 3229 2234 3283 Harduini
2262 3248 2363 3282 no·

1343 3326 1450 3366 tam
1472 3310 1818 3365 transcribere
1833 3309 2150 3373 omittimus,
2163 3309 2364 3382 qnippe

1344 3393 1438 3464 qui
1464 3393 1542 3445 rei
1575 3390 1836 3444 botanicoe
1861 3408 2050 3460 parum
2079 3390 2278 3452 sciens,
2309 3402 2362 3443 et

1344 3472 1401 3525 id
1436 3471 1743 3543 interpretis
1768 3488 1962 3523 munus
2001 3486 2110 3523 esse
2142 3469 2362 3523 arbitra-

1344 3564 1455 3614 tus,
1501 3563 1565 3603 ut
1588 3550 1818 3605 auctoris
1849 3550 1932 3601 sui
1971 3566 2174 3603 errores
2205 3547 2362 3600 etiam

1344 3630 1796 3684 manifestissimos
1850 3629 2104 3683 acerrime
2161 3645 2365 3699 propu-

1347 3723 1501 3783 gnet,
1529 3710 1709 3763 nescio
1730 3726 1859 3781 quas
1883 3708 2046 3773 asari,
2075 3709 2160 3761 vel
2184 3707 2367 3761 aristo·

1344 3790 1534 3844 lochio
1577 3790 1802 3860 species,
1837 3806 1966 3859 ques
2009 3789 2146 3840 inter
2182 3785 2366 3840 ederas

1348 3871 1543 3932 refert,
1572 3870 1678 3923 huc
1701 3869 1814 3921 sine
1841 3886 1992 3923 causa
2025 3864 2256 3919 adducit.
2283 3866 2370 3917 Li-

1351 3964 1482 4021 quet
1503 3968 1566 4002 ex
1592 3967 1754 4020 prava
1770 3945 2126 4019 Theophrasti
2145 3945 2370 4001 lectione

242 4014 303 4073 ἃᾶ
326 4024 459 4077 θῆλυ.
479 4028 563 4093 Τῷ
582 4025 639 4076 τὸ
660 4024 744 4093 μὶν
768 4026 949 4093 unitos,
964 4024 1045 4078 καὶ
1070 4029 1267 4098 σκληρά·
1352 4042 1530 4082 ortum
1557 4046 1664 4082 esse
1701 4028 1842 4081 hunc
1866 4026 2024 4079 Plinii
2047 4026 2242 4077 locum.
2265 4024 2368 4077 En.
