2850 4684
509 382 650 455 188
1029 387 1509 461 c.PL1N11
1562 391 1782 462 NAT.
1834 388 2093 461 HIST.

497 516 720 587 similis
763 516 990 612 pollini
1042 519 1316 591 thuris.
1359 538 1429 592 et
1478 523 1627 593 ideo
1661 522 1979 607 candida,
2012 544 2215 615 quam
2250 518 2434 603 rufa,
2474 544 2627 589 me·-

495 609 679 691 lior⁸.
727 626 1018 695 Pretium
1052 627 1225 720 ejuS,
1257 630 1437 721 quod
1478 654 1697 725 supra.

597 732 786 799 xxJ.
842 730 1160 803 Nondum
1200 734 1515 829 palustria
1556 738 1930 831 attigimus,
1981 756 2109 801 nec
2150 730 2425 801 frutices
2470 755 2621 799 am-

489 834 696 903 nium.
745 838 936 907 Prius
997 852 1225 908 tamen
1268 864 1469 935 quam
1515 841 1963 938 digrediamur
2014 838 2101 908 ab
2156 838 2489 931 AEgypto‚
2548 852 2626 906 et

487 942 720 1035 papyri
750 956 990 1013 natura
1013 943 1293 1034 dicetur,
1335 972 1545 1042 quum
1588 949 1835 1019 chartae
1884 970 2013 1015 usu
2050 944 2341 1013 maxime
2380 942 2625 1013 huma-

485 1046 700 1115 nitas·¹
737 1050 889 1118 vitae
915 1065 1174 1121 constet
1199 1066 1266 1121 et
1298 1055 1637 1123 memoria.
1669 1058 1759 1124 Et
1784 1054 1957 1123 hanc
1986 1048 2343 1120 Alexandri
2374 1050 2619 1170 Magni

485 1152 762 1223 victoria
821 1154 1210 1251 repertam²‚
1263 1174 1497 1229 auctor
1556 1174 1657 1229 est
1724 1162 1821 1229 Μ.
1888 1161 2159 1241 varro,
2220 1128 2491 1225 condita
2544 1156 2616 1223 in

481 1259 770 1354 AEgypto
799 1260 1217 1333 Alexandria.
1255 1268 1471 1335 Antea
1510 1290 1648 1335 non
1676 1250 1915 1336 fuisse-³
1952 1263 2335 1333 chartarum
2362 1276 2613 1331 usum·

479 1364 550 1431 in
591 1363 962 1459 palmarum
997 1357 1212 1439 foliis⁴
1241 1372 1459 1464 primo
1488 1372 1975 1467 scriptitatum.
2014 1366 2263 1438 deinde
2288 1390 2613 1461 quarum-

480 1546 615 1600 oolla
641 1546 875 1621 laer-yma
913 1562 992 1603 est
1031 1550 1238 1603 arboris
1270 1550 1329 1603 in
1371 1552 1497 1605 Per·-
1580 1552 1775 1618 fnisse,
1804 1563 2085 1623 antequam
2111 1558 2415 1601 nasceretur
2444 1544 2612 1599 Alex-

479 1624 592 1679 aide
619 1628 908 1696 nascentis,
936 1628 1120 1683 similis
1142 1630 1315 1689 thuri,
1340 1644 1442 1685 ete.
1464 1656 1489 1677 ι
1582 1630 1781 1697 ander,
1816 1648 2005 1684 verum
2030 1630 2089 1682 in
2128 1646 2228 1680 usu
2254 1626 2525 1697 frequmti
2558 1639 2611 1679 et

479 1704 564 1757 De
584 1706 684 1759 hac
705 1707 899 1761 iterum
927 1706 1132 1762 dicetur
1167 1710 1260 1763 lib.
1289 1710 1496 1775 XXIV,
1582 1711 1802 1782 publico
1844 1711 2006 1763 fuisse
2022 1748 2041 1776 ,
2066 1705 2349 1761 Alexandri
2390 1706 2605 1759 seculo.

477 1800 596 1853 αφ.
634 1787 726 1840 88.
749 1786 820 1839 Η.
863 1820 946 1831 -
983 1788 1204 1841 Arboris
1231 1790 1496 1861 speciem,
1586 1792 1795 1843 Dauo·

477 1880 596 1933 qun
633 1866 942 1925 sarcocollam
981 1868 1239 1939 largitur,
1293 1868 1362 1922 ad
1394 1871 1493 1922 Pe·
1664 1870 1721 1923 3.
1758 1870 1925 1923 Antea
1954 1886 2051 1920 non
2064 1868 2238 1933 fiisse.
2278 1865 2480 1917 Lucan.
2512 1864 2601 1915 lib.

475 1958 613 1993 neom
647 1958 966 1999 muer-omrem
997 1947 1184 2001 retulit
1209 1948 1491 2012 Linnaeus,
1578 1950 1663 2001 111
1680 1986 1697 2013 ‚
1735 1968 1785 2001 v.
1816 1967 1925 2002 222
1955 1965 1970 1999 :
2005 1972 2029 1995 ι
2046 1944 2303 1998 Nondum
2326 1942 2603 1997 flumineas

473 2021 606 2074 Mat.
645 2021 784 2077 med.
831 2042 954 2097 pag.
995 2026 1087 2093 55,
1127 2046 1239 2081 cnr.
1272 2026 1493 2081 Schreb.
1578 2027 1846 2100 Memphis
1862 2038 2141 2081 contexere
2158 2025 2335 2078 biblos
2350 2023 2601 2085 Noverat,

472 2094 496 2159 (
502 2100 574 2152 Τ
573 2102 736 2154 mind.
781 2122 970 2175 monog.
1000 2123 1120 2175 gen.
1165 2126 1306 2176 ²773
1347 2106 1492 2161 Pers.
1579 2120 1680 2162 etc.
1708 2132 1729 2156 ι
1778 2106 1983 2160 Verum
2016 2103 2259 2158 dissentit
2294 2123 2325 2156 a
2358 2101 2600 2154 Varrone

471 2179 676 2232 Incerta
706 2182 830 2234 sodis
865 2181 1007 2253 apud
1033 2185 1176 2239 Juss.
1182 2175 1200 2249 )
1223 2185 1309 2239 Cf.
1332 2187 1492 2239 etiam

471 2257 789 2324 Gnorrnor,
816 2261 949 2315 Mat.
967 2261 1107 2315 med.
1128 2264 1211 2329 11,
1233 2267 1363 2328 646.
1385 2265 1489 2319 En.

550 2341 606 2394 8.
663 2340 872 2393 Commis
921 2342 1172 2395 utilissima
1177 2380 1274 2397 .....
1321 2346 1491 2397 similis

461 2418 696 2487 pollini...
722 2420 930 2475 candida
945 2460 962 2486 ‚
983 2441 1124 2493 quam
1141 2424 1275 2489 rusa,
1303 2425 1485 2478 melior.

467 2498 551 2551 Ita
603 2501 1019 2555 constantissime
1075 2502 1226 2557 MSS.
1265 2522 1448 2557 omnes
1471 2521 1485 2557 ε

465 2594 574 2630 ιιοιι
606 2590 664 2631 ut
686 2580 846 2651 vulgo
862 2579 1022 2647 editi,
1049 2584 1284 2653 «gummi
1315 2583 1487 2636 utilis-

464 2656 716 2713 simum...
740 2658 967 2715 simile...
998 2660 1311 2728 candidum,
1326 2681 1487 2736 quam

465 2737 666 2805 rufum,
681 2740 882 2794 melius.
906 2768 930 2791 ι
966 2740 1172 2795 Commi-5
1190 2762 1289 2815 pro
1303 2747 1487 2813 gummi

463 2815 687 2872 Veteres
711 2816 924 2874 dixere:
963 2820 1110 2893 quod
1143 2834 1198 2876 et
1233 2822 1360 2875 alibi
1387 2840 1485 2876 sse·

463 2894 584 2965 pius
617 2898 949 2953 olimvaturi
971 2920 1172 2957 sumus.
1195 2902 1376 2957 Ηιιιιι.

546 2976 696 3029 XXI.
732 2994 781 3031 1.
814 2980 967 3034 Ham.
1003 2982 1128 3035 Non
1154 2984 1188 3041 ἢ
1237 2979 1483 3048 παιδεία,

462 3050 739 3125 disciplina
762 3068 818 3111 et
839 3057 1098 3127 eruditio,
1123 3075 1187 3115 nt
1217 3062 1485 3134 Scaliger-o

1578 2188 1789 2243 Cassius
1832 2186 2087 2249 Hemina,
2118 2195 2182 2237 nt
2208 2181 2451 2236 dicemus
2484 2199 2597 2251 cap.

1582 2285 1673 2337 ²7·
1700 2266 1880 2320 Hann.

1660 2352 1715 2409 4.
1770 2348 1833 2399 In
1869 2345 2143 2416 palmarum
2175 2342 2319 2409 soliis
2336 2378 2353 2405 ‚
2394 2350 2497 2393 etc.
2540 2339 2600 2392 In

1576 2426 1840 2479 malvarum
1854 2425 1997 2491 soliis
2016 2464 2032 2486 ‚
2063 2440 2173 2475 uon
2188 2423 2497 2492 palmarum,
2522 2420 2599 2471 le·

1572 2504 1808 2576 gendum
1848 2515 2002 2575 putat
2034 2500 2308 2555 Guilland.
2344 2499 2595 2571 quoniam

1571 2584 1701 2637 olim
1730 2585 1788 2636 in
1818 2583 2111 2636 malvarum
2155 2580 2297 2635 foliis
2328 2579 2596 2633 scriheba-

1571 2675 1679 2717 tnr.
1706 2664 1879 2718 Cinna
1904 2660 2049 2734 apud
2076 2658 2345 2713 Isidorum
2366 2680 2381 2711 ε
2422 2684 2447 2705 ι
2472 2658 2595 2712 Hoc

1569 2742 1670 2796 tibi
1706 2743 1925 2797 natatis
1962 2741 2187 2797 multum
2224 2738 2495 2809 invigilata
2519 2738 2597 2789 lu·

1568 2822 1743 2877 cernis
1772 2820 2019 2877 Carmina
2037 2859 2053 2885 ,
2084 2819 2234 2891 queis
2265 2820 2413 2889 ignes
2436 2816 2595 2869 novi-

1568 2920 1691 2957 mus
1706 2902 1903 2967 aerios,
1924 2899 2092 2953 Laevis
2111 2901 2166 2953 in
2186 2897 2397 2952 aridulo
2410 2896 2595 2950 malva

1568 2980 1831 3053 descripta
1886 2980 2104 3044 libello,
2168 2977 2415 3031 Prusiam
2476 2976 2594 3029 vexi

1568 3079 1791 3116 munera
1822 3060 2139 3113 navicula.»
2187 3060 2393 3111 Dauo.
2422 3084 2507 3095 —
2533 3055 2595 3109 Io

459 3131 520 3185 in
549 3132 820 3190 Guilland.
850 3138 1024 3193 visum
1043 3152 1155 3205 est,
1183 3138 1277 3195 sed
1307 3143 1486 3195 cultus
1560 3140 1989 3209 palmarumfoliis.
2000 3137 2171 3192 Cultri
2186 3135 2346 3190 dorso
2361 3135 2591 3206 primum

383 3204 388 3217 '
459 3210 708 3267 humanm
728 3215 852 3270 vitai
864 3236 1004 3288 ,quo
1023 3220 1220 3273 scilieet
1238 3221 1484 3274 homines

459 3290 630 3345 brutis
681 3296 1028 3365 antecellunt,
1073 3299 1166 3371 qui
1227 3300 1484 3355 sermonis

458 3372 833 3427 eommunione
866 3392 988 3428 eum
1019 3378 1234 3433 absente
1265 3397 1362 3451 per
1397 3380 1484 3433 lit·

458 3461 592 3505 teras
613 3452 886 3524 principue
911 3458 1228 3511 eontinetur.
1251 3460 1436 3512 Hann-

497 3546 594 3583 ’2.
627 3532 706 3584 Et
742 3532 864 3585 hane
890 3534 1167 3591 Alexandri
1195 3537 1370 3607 Magni
1397 3542 1479 3601 ψ’·

455 3612 608 3662 ceos-ia
635 3624 884 3683 repertam.
911 3614 1290 3671 Guillandinus
1319 3616 1479 3687 hujus

454 3686 562 3741 loei
585 3688 1045 3762 diligentissimus,
1083 3708 1138 3748 et
1164 3696 1475 3766 ingeniosis-

453 3766 616 3821 simus
669 3784 944 3827 enarrator
987 3792 1053 3826 ex
1099 3774 1473 3839 Anacreonte,

452 3846 633 3913 Alceo,
653 3852 928 3923 AEschylo,
957 3852 1173 3907 comicis
1191 3855 1476 3921 veteribus,

453 3926 676 3982 Platone
690 3968 708 3995 ,
739 3930 1026 3987 Aristotele
1039 3976 1056 3999 ‚
1089 3934 1281 4003 probat
1307 3952 1475 4007 papy-

453 4024 601 4074 rum,
621 4009 731 4064 sive
747 4010 954 4067 hiblum
969 4014 1236 4084 cognitam
1259 4012 1477 4085 quidem

1566 3220 1823 3291 levigatis.
1867 3220 1949 3272 Ita
1991 3217 2117 3271 libri
2160 3234 2383 3278 omnes,
2432 3213 2592 3267 etiam

1565 3299 1719 3354 MSS.
1738 3312 1790 3353 et
1804 3297 1995 3353 Isidor.
2011 3296 2197 3369 origg.
2217 3296 2313 3349 lib.
2338 3294 2423 3345 VI
2438 3330 2455 3356 ,
2474 3311 2589 3364 cap.

1573 3397 1641 3434 12
1679 3398 1692 3432 ε
1734 3405 1757 3427 ι
1786 3381 1855 3431 At
1892 3396 2022 3431 vero
2042 3415 2060 3443 ‚
2102 3376 2311 3447 inquit,
2354 3374 2591 3427 historie

1564 3460 1765 3529 majore
1816 3456 2037 3511 modulo
2082 3456 2489 3518 scribebantur,
2538 3463 2591 3505 et

1562 3557 1673 3591 non
1708 3538 1881 3591 solum
1910 3538 1967 3590 in
1998 3536 2179 3589 charta
2202 3534 2288 3587 vel
2320 3532 2587 3585 membra·

1560 3618 1681 3682 nis,
1717 3616 1813 3671 sed
1844 3616 2001 3671 etiam
2036 3629 2091 3669 et
2122 3615 2183 3667 in
2218 3611 2449 3667 omentis
2482 3610 2587 3665 ele·

1562 3697 1872 3769 phantinis‚
1898 3694 2270 3763 textilibusque
2290 3691 2587 3745 malvarum

1562 3775 1703 3829 foliis
1754 3789 1916 3847 atque
1965 3778 2339 3845 palmarum.-
2400 3768 2587 3823 said-s

1564 3872 1816 3927 quoque:
1846 3850 2005 3909 Λυδοὶ
2040 3853 2125 3907 καὶ
2165 3842 2309 3913 losse
2337 3848 2407 3905 τὰ
2418 3849 2589 3921 γράμ·

1564 3954 1709 4004 ματα
1734 3937 1837 3990 ἀπὸ
1860 3942 1947 3989 τοῦ
1972 3934 2188 3993 Φοίνικος
2223 3938 2309 3984 τοῦ
2342 3921 2587 3998 Ᾰγῆνορος

1566 4016 1780 4085 εὑρόντος
1818 4011 2015 4069 ἔλαθον.
2056 4014 2253 4071 Τούτοις
2293 4004 2354 4061 ὃὸ
2402 4006 2587 4061 ἀντιλέ-
