2850 4684
465 396 609 480 648
1021 412 1036 429 ·
1206 401 1751 469 EXCURSUS
1800 400 1853 466 Ι.

544 526 869 581 Earumdem
917 545 1210 598 quercuum
1250 528 1453 599 lignum
1510 525 1861 580 adhibebatur
1912 524 1983 578 ad
2030 526 2282 597 imagines
2326 525 2607 580 idolorum

465 606 822 661 conficiendas
853 598 1038 675 (Esai,
1069 608 1265 674 XLIV,
1303 614 1372 671 14
1389 598 1430 676 ).
1466 604 1796 678 Eandemque
1834 604 1905 659 ad
1928 605 2311 685 continendum
2334 626 2603 678 aggerem,

465 712 560 784 qui
587 713 655 765 ab
687 730 806 765 arce
841 712 983 783 regia
1013 710 1082 766 ad
1107 710 1404 765 Salomonis
1435 711 1697 783 templum
1716 751 1732 775 ,
1770 711 1997 764 maxime
2018 708 2085 763 ad
2110 724 2323 781 portam
2346 674 2597 784 ΠΞιἾΨ

465 806 690 872 dictam,
726 805 987 874 ducebat,
1017 827 1120 861 una
1151 826 1274 861 cum
1303 809 1619 862 terebinthis
1649 808 1906 879 plantatas
1936 808 2121 871 fuisse,
2156 808 2351 879 legitur
2372 810 2461 863 Es.
2490 812 2604 875 v1,

471 889 564 941 13.
607 886 672 941 Id
703 887 846 958 quod
887 888 1090 942 Celsius
1133 886 1338 960 optime
1362 889 1591 959 explicat
1608 924 1622 945 ‚
1649 905 1815 958 quum
1854 886 1911 939 in
1936 886 2241 957 vulgaribus
2267 890 2601 943 versionibus

464 955 713 1054 n2‘7w
745 982 814 1038 de
835 982 1081 1039 deciduis
1104 986 1356 1039 arborum
1385 986 1527 1039 foliis
1545 985 1682 1038 male
1703 984 2028 1038 intellectum
2050 984 2118 1037 sit
2136 974 2239 1054 (1).
2270 986 2349 1037 Ea
2385 985 2493 1039 fuit
2514 1006 2596 1040 er-

463 1064 582 1125 bor,
611 1066 707 1117 sub
773 1083 838 1117 ua
865 1065 1110 1131 Debora,
1133 1066 1383 1119 Rebeccae
1421 1065 1625 1130 nutrix,
1651 1066 1971 1117 humabatur
1995 1056 2223 1133 (Genea.
2244 1064 2479 1131 XXXV,
2509 1069 2541 1120 8
2560 1057 2598 1135 )‚

464 1166 666 1256 ΠἸΣᾎ,
692 1164 754 1261 r!
822 1162 878 1244 Β
896 1210 912 1234 ,
937 1190 1134 1243 quercus
1149 1172 1328 1241 fletus,
1348 1170 1470 1223 ideo
1494 1169 1633 1224 dicta
1650 1188 1665 1225 ε
1685 1168 1869 1223 eadem
1886 1207 1904 1235 ‚
1934 1169 2037 1223 sub
2066 1187 2201 1240 qua,
2231 1170 2303 1222 ob
2348 1173 2595 1225 umbram

465 1286 746 1334 amoenam,
768 1288 913 1323 sacra
943 1268 1204 1322 faciebant
1225 1267 1521 1322 idololatra!
1538 1262 1695 1330 (Hos.
1726 1266 1829 1331 IV,
1864 1286 1887 1320 1
1902 1258 1968 1336 3)
1991 1285 2004 1317 :
2030 1265 2213 1319 eadem
2228 1286 2347 1338 qna
2376 1288 2597 1339 genera·

463 1347 562 1399 tim
593 1348 894 1419 symbolum
923 1360 1034 1401 erat
1059 1346 1387 1401 fortitudinis
1430 1342 1626 1409 (Amos
1649 1347 1731 1410 11,
1763 1342 1849 1415 9).

542 1427 657 1480 Alia
683 1446 810 1481 vero
841 1446 1069 1499 quercus
1103 1430 1306 1500 species
1333 1428 1495 1481 semel
1527 1426 1587 1479 in
1620 1425 1805 1479 codice
1847 1425 2193 1479 Hebraeorum
2234 1444 2385 1481 sacro
2416 1428 2596 1481 nomi-

463 1562 652 1614 natur,
690 1542 895 1638 affl-1:13
927 1542 1118 1619 (Esai,
1147 1550 1348 1614 XLIV,
1385 1539 1523 1617 κά),
1550 1548 1646 1601 uhi
1686 1548 1846 1601 simul
1878 1568 1999 1601 cum
2028 1511 2467 1639 sffhnssquercus
2504 1568 2599 1621 pe-

463 1644 765 1701 dunculatae
788 1648 937 1719 ligno
967 1659 1219 1719 usurpata
1244 1646 1406 1700 fuisse
1446 1645 1515 1699 ad
1544 1644 1688 1699 idola
1720 1645 2074 1699 construenda
2106 1646 2318 1699 dicitur.
2368 1646 2603 1699 θυι-ἰού·

463 1769 549 1804 ma
579 1764 722 1805 certe
747 1753 906 1807 arbor
931 1752 1242 1823 intelligitur
1259 1792 1274 1819 ,
1302 1770 1472 1823 quum
1501 1752 1647 1807 vocis
1672 1745 1876 1838 nnn
1926 1751 2077 1805 radix
2090 1738 2199 1839 523
2237 1752 2595 1822 robustas,fir=-

462 1894 565 1927 mas
579 1876 716 1941 suit,
769 1875 826 1928 id
874 1874 1110 1929 indicare
1147 1874 1410 1929 videatur.
1454 1875 1579 1929 Sine
1622 1875 1919 1928 rationibus
1960 1874 2138 1947 itaque
2182 1873 2599 1946 haudquaquam

460 1953 669 2007 Celsius
719 1973 976 2027 quercum
1024 1957 1176 2008 ilicem
1201 1956 1306 2008 boc
1345 1956 1563 2008 nomine
1593 1954 1817 2027 intelligi
1850 1956 2136 2009 arbitratus
2167 1968 2243 2008 est
2265 1946 2285 2025 (
2302 1952 2398 2019 a),
2428 1974 2599 2027 quan·

459 2052 620 2105 quam
651 2036 922 2089 Pausaniae
960 2036 1108 2089 locus
1125 2027 1236 2103 (3),
1283 2053 1449 2106 quem
1483 2035 1637 2099 citat,
1673 2034 1739 2087 de
1767 2036 1999 2106 σμίλακι,
2029 2035 2137 2087 hnc
2162 2054 2273 2087 non
2300 2034 2475 2089 faciat.

540 2110 755 2168 Accedo
792 2112 862 2168 ad
917 2114 1262 2168 vetustissima
1323 2114 1545 2167 Graeciae
1588 2128 1965 2180 monumenta,
1996 2116 2053 2167 in
2094 2114 2289 2186 quibus
2324 2110 2468 2183 δρυὸς
2509 2132 2594 2167 ar-

457 2192 605 2245 boris
652 2194 850 2247 nomen
880 2193 1165 2265 saepissime
1196 2192 1443 2245 occurrit.
1492 2193 1769 2264 Exprimit
1796 2212 1923 2247 vero
1966 2193 2048 2247 vel
2080 2195 2325 2247 arborem
2364 2192 2597 2264 cujusvis

455 2296 664 2368 generis
699 2297 857 2350 altam
889 2310 944 2350 et
974 2297 1380 2369 praevalentem,
1408 2298 1547 2351 sicut
1576 2261 1755 2389 ἰμ’-»Β
1798 2297 2171 2352 Chaldaei-um
2216 2289 2394 2365 (Dan.
2437 2294 2555 2361 IV)
2574 2338 2593 2364 ,

455 2394 543 2446 vel
573 2394 843 2463 speciatim
878 2412 1039 2446 omne
1074 2392 1132 2446 id
1158 2413 1355 2465 genus,
1387 2392 1535 2465 quod
1552 2414 1650 2450 nos
1675 2396 1898 2449 nomine
1919 2413 2212 2469 quercuum
2240 2396 2594 2467 comprehen-

455 2470 650 2525 dimus.
689 2471 833 2527 Illud
855 2472 1077 2545 quidem
1105 2487 1248 2545 patet
1263 2514 1280 2540 ,
1299 2486 1414 2527 tum
1444 2493 1506 2528 ex
1528 2475 1675 2540 aliis,
1698 2488 1811 2530 tum
1837 2478 2106 2548 principue
2134 2494 2197 2528 ex
2218 2474 2593 2547 Lycophronis

453 2552 574 2606 loco
594 2548 680 2618 (4)
707 2571 722 2606 τ

696 2664 902 2731 Στρατῷ
929 2654 983 2712 δ’
1010 2659 1204 2730 &piati-q>
1230 2662 1376 2713 πᾶσα.
1417 2662 1501 2731 μἰν
1533 2661 1835 2731 βρωθῆσιται

693 2746 926 2793 Φλοιῦτιν
956 2734 1227 2793 ἐκδύνουσα
1252 2735 1481 2803 δίπλακα
1512 2742 1697 2795 σκέπην

695 2821 1044 2891 Καρποτρόφος
1067 2814 1204 2889 δρῦς.

455 2924 543 2979 Ad
573 2943 733 2997 quem
766 2926 944 2979 locum
991 2924 1292 2977 scholiastes
1325 2943 1487 2977 omne
1510 2924 1715 2977 arboris
1745 2943 1915 2996 genus
1944 2944 1977 2978 a
2002 2925 2285 2979 Veteribus
2312 2920 2454 2997 δρυὸς
2496 2944 2593 2977 uo·

454 3006 602 3058 mine
627 3002 1006 3076 comprehendi
1033 3015 1252 3056 testatur
1261 3043 1278 3069 ,
1306 2994 1455 3075 qu'od
1482 3004 1637 3057 etiam
1679 3004 2046 3076 Aristophanis
2075 3005 2377 3058 scholiastes
2398 3004 2594 3058 conflr-

456 3097 569 3136 mat
598 3083 680 3136 his
716 3084 890 3136 verbis
914 3102 928 3136 τ
951 3084 1013 3135 Oi
1039 3083 1232 3153 ἀρχαῖοι
1257 3086 1358 3135 πᾶν
1392 3078 1596 3155 δένδρον
1628 3078 1742 3154 δρῦν
1773 3085 1997 3151 ἐκάλουν,
2020 3085 2184 3156 ὥσπερ
2218 3084 2301 3139 καὶ
2326 3080 2590 3157 ἀκρόδρυα,

455 3164 522 3215 τὰ
558 3163 686 3231 ἄκρα
719 3170 814 3214 τῶν
843 3158 1058 3229 δένδρων
1087 3152 1188 3228 (5).
1220 3162 1359 3215 Hinc
1391 3174 1445 3215 et
1477 3162 1770 3233 Hesychius
1809 3158 1924 3234 δρῦν
1973 3165 2194 3234 exponit
2228 3169 2333 3217 πᾶν
2382 3159 2587 3236 δένδρον

454 3242 540 3295 καὶ
582 3242 712 3305 ξύλον
732 3280 747 3303 ,
778 3254 833 3293 ct
860 3237 1099 3311 δρυτόμον
1117 3279 1133 3305 ,
1161 3241 1424 3311 ὑλοτόμον,
1458 3242 1540 3294 vel
1573 3244 1830 3315 ξυλοτόμον
1856 3235 1959 3312 (6).

535 3318 739 3385 Quodsi
770 3337 900 3372 vero
925 3337 1153 3390 quercus
1182 3320 1427 3391 quaedam
1455 3340 1521 3373 eo
1557 3323 1779 3375 nomine
1804 3342 1835 3376 a
1854 3322 2025 3393 poetis
2056 3322 2255 3378 Graecis
2276 3323 2591 3395 insignitur,

454 3413 531 3453 est
569 3399 901 3471 potissimum
934 3411 1159 3471 utraque
1189 3401 1484 3469 patriarum
1516 3420 1813 3473 quercuum
1852 3403 2089 3474 species:

513 3610 586 3671 (1)
614 3611 669 3655 L.
701 3624 744 3654 c.
767 3624 817 3671 p.
847 3617 934 3666 41,
963 3617 1035 3664 42.

515 3684 586 3745 (a)
613 3686 664 3729 L.
685 3699 729 3729 c.
755 3682 837 3729 lib.
859 3686 936 3737 11,
955 3700 1006 3745 p.
1028 3698 1135 3743 ²7⁰·

513 3758 584 3819 (3)
617 3756 720 3804 Lib.
750 3757 894 3813 vm,
919 3775 962 3803 c.
997 3774 1050 3820 17
1067 3793 1080 3812 ‚
1099 3774 1148 3821 p.
1173 3766 1266 3815 hoo
1284 3794 1298 3815 ,
1319 3768 1431 3806 tom.
1455 3760 1597 3823 ssed.
1622 3762 1761 3809 Facti.

511 3832 584 3894 (6)
615 3832 862 3879 Alexandr.
887 3849 928 3877 v.
963 3834 1097 3889 1423.

514 3908 584 3967 (5)
615 3908 856 3970 Aristopb.
885 3908 1037 3969 Equit.
1066 3923 1110 3953 v.
1129 3909 1234 3968 672.

511 3982 585 4043 (6)
611 3983 807 4042 Hesych.
826 3984 983 4031 Lexic.
1004 3984 1094 4029 eol.
1126 3984 1265 4038 1038,
1290 3984 1363 4030 ed.
1397 3984 1593 4035 Alberti.
