2850 4684
473 352 620 423 610
1021 350 1102 417 C.
1157 347 1492 417 PLINII
1542 348 1757 419 NAT.
1812 347 2067 417 HIST.

473 468 830 582 principis⁶
870 486 1090 577 jussu,
1131 480 1535 552 obeliscum⁷
1562 482 1630 551 in
1660 482 1989 551 Vaticano
2022 480 2223 551 Circo
2252 496 2581 553 statutum
2602 538 2620 567 ,

473 606 892 687 quatuorque
925 603 1196 658 truncos
1239 586 1473 682 lapidis
1506 586 1801 681 ejusdem
1834 586 1917 657 ad
1954 588 2416 657 sustinendum
2458 614 2615 661 eum

475 698 787 781 adduxit3
833 720 963 791 qua
995 718 1164 765 nave
1201 693 1362 765 nihil
1407 691 1859 767 admirabilius
1891 694 2105 763 visum
2144 694 2213 763 in
2255 698 2427 765 mari
2468 720 2613 767 cer·

404 828 407 830 ·
477 820 616 874 tum
667 818 818 873 est:
867 824 1010 871 cxx
1061 824 1141 870 Μ.
1192 799 1493 869 modium
1544 799 1735 869 lentis
1787 824 1910 894 pro
1968 799 2246 869 saburra
2292 803 2355 869 ei
2398 802 2611 871 fuere.

407 932 440 981 6
475 907 856 1007 Longitudo
907 909 1192 1001 spatium
1251 905 1542 975 obtinuit
1594 930 1837 1000 magna
1894 930 1976 975 ex
2036 920 2225 1001 parte
2280 908 2615 977 Ostiensis

471 1032 706 1113 portus
751 1014 953 1084 latere
998 1012 1186 1083 laevo.
1232 1011 1335 1080 Ibi
1380 996 1707 1106 namque⁸
1756 1011 2057 1081 demersa
2093 1027 2195 1082 est
2240 1037 2280 1081 a
2324 1013 2611 1083 Claudio

466 1124 800 1218 principe,
860 1145 1008 1189 cum
1049 1120 1260 1187 tribus
1304 1117 1625 1206 molibus,
1686 1118 1971 1187 turrium
2014 1115 2359 1189 altitudine
2406 1121 2476 1189 in
2528 1144 2609 1189 ea

466 1228 886 1300 exaedificatis
927 1226 1141 1296 obiter
1186 1223 1551 1295 Puteolano
1589 1222 1895 1318 pulvere,
1952 1222 2429 1319 advectisque⁹.
2482 1228 2607 1297 Ar-

466 1336 647 1405 boris
681 1337 821 1428 ejus
849 1331 1215 1420 crassitudo
1241 1346 1531 1425 quatuor
1561 1330 1907 1400 hominum
1938 1329 2127 1401 ulnas
2158 1330 2605 1427 complecten-

467 1443 632 1511 tium
696 1436 1014 1535 implebat
1059 1462 1072 1504 :
1123 1434 1454 1533 vulgoque
1506 1436 1775 1505 auditur
1816 1460 2007 1507 Lxxx
2067 1461 2417 1507 nummum
2436 1437 2487 1463 ⁸⁰
2537 1454 2609 1509 et

466 1545 672 1641 pluris
709 1544 917 1615 malos
951 1542 1339 1613 venumdari
1379 1542 1466 1613 ad
1504 1568 1620 1613 eos
1655 1566 1849 1629 usus,
1890 1557 2064 1611 rates
2105 1568 2265 1614 vero
2296 1548 2607 1617 connecti

465 1678 560 1723 11.
589 1650 782 1721 H-s¹¹
831 1649 1194 1747 plerasque.
1243 1654 1333 1718 At
1361 1650 1428 1719 in
1452 1646 1797 1745 AEgypto¹²
1836 1662 1905 1717 et
1940 1650 2125 1742 Syria
2153 1674 2342 1782 refes
2380 1651 2607 1747 inopia

467 1758 697 1828 abietis
720 1758 922 1827 cedro
946 1756 1029 1825 ad
1052 1755 1290 1826 classes
1313 1755 1619 1825 feruntur
1636 1756 1754 1824 usi.
1780 1754 2077 1823 Maxima
2105 1780 2185 1825 ea
2200 1754 2219 1779 ¹
2285 1758 2355 1825 iu
2374 1759 2607 1853 Cypro

465 1865 782 1949 traditur,
849 1863 936 1932 ad
995 1862 1483 1957 undeciremem
1530 1850 1917 1933 Demetrii¹⁴

467 1956 796 2066 triginta¹⁵
845 1969 1122 2066 pedum,
1167 1967 1635 2037 crassitudinis
1655 1992 1815 2037 vero
1866 1966 1953 2037 ad
2000 1969 2200 2037 trium
2254 1968 2601 2041 homiuum

1966 1863 2219 1933 succisa
2246 1916 2267 1952 ,
2332 1879 2601 1933 centum
2716 1958 2723 1965 1

549 2148 601 2197 6.
650 2144 764 2197 Caii
779 2146 1032 2214 principis.
1065 2141 1238 2207 Quem
1271 2140 1486 2211 Caligu-

465 2224 570 2275 lsm
593 2224 683 2275 alii
714 2223 1072 2293 appellarunt,
1098 2238 1390 2291 numquam
1411 2220 1485 2273 its

467 2301 687 2354 Plinius.
719 2302 900 2353 uum.

545 2400 598 2451 7.
635 2380 920 2432 Obeltscam.
938 2380 1018 2431 De
1045 2398 1154 2449 quo
1181 2376 1424 2431 dicemus
1448 2378 1484 2430 l.

465 2458 767 2523 XXXVII,
791 2476 906 2530 esp.
940 2458 1025 2511 15.
1062 2458 1247 2511 Hsnn.

547 2540 601 2593 8.
629 2539 710 2592 Iba·
729 2558 949 2612 namque.
975 2536 1192 2591 Sueton.
1213 2536 1272 2590 in
1293 2536 1485 2591 Claud.

464 2638 511 2672 c.
538 2638 604 2672 xx
625 2638 640 2673 ε
665 2647 687 2667 ι
705 2621 925 2672 Portum
953 2618 1115 2671 Ostia
1138 2618 1424 2671 exstruxit.
1446 2657 1487 2670 ..

465 2698 562 2751 ubi
603 2716 792 2752 navem
825 2697 1102 2761 demersit,
1130 2716 1236 2769 qus
1267 2714 1489 2768 magnus

464 2778 727 2832 obeliscus
751 2796 818 2831 ex
853 2782 1089 2851 AEgypto
1125 2777 1296 2830 fuerat
1327 2776 1484 2829 sdve-

465 2870 613 2922 ctus,
641 2872 740 2911 etc.
769 2883 792 2906 a
823 2858 1008 2911 Hsnn.

546 2955 600 3008 9.
643 2938 818 2991 Obiter
854 2938 1123 2990 Puteolano
1146 2936 1365 3006 pulvere,
1395 2936 1487 2986 ad-

467 3021 709 3089 meisque.
730 3016 1078 3071 Scribendum
1105 3014 1354 3078 arbitror,
1375 3036 1397 3058 ι
1414 3016 1487 3067 ob

464 3094 524 3148 id
550 3110 630 3150 ter
650 3097 944 3151 Puteolano
959 3094 1181 3165 pulvere
1203 3092 1444 3147 advecto.
1458 3120 1479 3142 ·

464 3176 600 3229 Nam
630 3194 799 3248 quum
849 3188 956 3227 tres
1003 3174 1169 3227 moles
1206 3172 1489 3227 altitudine

465 3256 694 3309 turrium
729 3252 1062 3307 exodificstoe
1095 3253 1319 3317 fuerint,
1342 3254 1484 3325 opti·

465 3353 552 3388 me
587 3332 818 3405 qusdrat
865 3346 947 3387 ter
989 3332 1062 3387 ob
1105 3331 1164 3386 id
1205 3331 1486 3387 advectum

464 3432 576 3467 esse
597 3412 946 3466 Puteolanum
969 3413 1272 3485 pulverem:
1288 3409 1357 3465 de
1377 3430 1487 3483 quo

463 3492 743 3546 Vitruvius
767 3491 1019 3547 secundo.
1047 3491 1484 3545 Pium—Obiter.

462 3571 646 3636 Quum
673 3572 908 3625 Puteolis
939 3590 1000 3625 es
1027 3571 1178 3625 nevis
1205 3571 1455 3626 musii-et
1471 3611 1488 3637 ,

460 3652 794 3723 Romamque
813 3649 1172 3705 contenderet.
1193 3653 1274 3704 De
1291 3650 1487 3704 Puteo-

460 3731 584 3784 lsno
609 3731 829 3803 pulvere
857 3730 1096 3789 dicemus
1124 3729 1220 3784 lib.
1249 3730 1484 3797 XXXV,

457 3828 576 3881 csp.
609 3808 702 3873 45.
729 3810 798 3863 Η.
831 3842 911 3853 -
938 3809 1086 3863 Brot.
1104 3810 1386 3881 separatim
1415 3828 1481 3863 ex

1662 2159 1749 2195 ro.
1776 2139 2007 2194 LXXX
2046 2160 2303 2195 mmm.
2336 2142 2417 2196 Itu
2452 2143 2602 2199 BSS.

1580 2236 1787 2274 omnes.
1830 2221 1949 2273 Hoc
1982 2232 2092 2286 est,
2120 2222 2397 2295 octoginta
2444 2242 2604 2277 num-

1578 2317 1756 2365 mum,
1794 2316 1885 2353 seu
1930 2300 2293 2356 sestertiorum
2340 2302 2599 2357 millibus.

1577 2378 1799 2435 Gallica
1826 2392 2054 2434 moneta
2096 2380 2248 2435 libro
2271 2394 2401 2435 sunt
2428 2384 2603 2438 octin-

1578 2472 1767 2529 gento.
1796 2456 1977 2511 Halm.

1666 2557 1687 2591 1
1708 2556 1729 2591 1
1742 2577 1757 2592 .
1778 2538 1837 2590 Χ
1840 2539 1881 2589 L
1893 2536 2026 2593 H-S.
2042 2538 2403 2612 Qusdrsgints
2422 2554 2603 2595 sester-

1576 2618 1715 2669 tium
1756 2617 1992 2671 millibus
2024 2638 2041 2671 e
2074 2638 2167 2672 seu
2205 2620 2358 2674 libris
2402 2620 2603 2692 gallicis

1574 2698 1799 2749 omnino
1824 2696 2243 2769 quadringentis.
2270 2698 2387 2753 noc
2424 2702 2601 2771 pretio

1574 2794 1639 2829 ex
1666 2776 1773 2829 boc
1792 2776 1978 2831 abietis
2002 2795 2193 2850 genere
2212 2780 2600 2834 connecteban-

1574 2868 1669 2909 tur
1693 2867 1863 2921 rates,
1882 2857 1967 2909 des
1992 2858 2224 2911 κώεα.
2254 2858 2437 2913 Hui).

1664 2952 1752 2988 ιη.
1782 2936 1859 2988 At
1896 2939 1949 2987 ἱη
1986 2938 2230 3011 AEmto.
2264 2938 2389 2991 Hoc
2418 2938 2601 2993 Theo-

1574 3014 1773 3085 phrast.
1792 3014 1965 3081 lib.V,
1987 3034 2034 3069 c.
2059 3034 2113 3085 9.
2142 3018 2421 3083 sesostris,
2442 3022 2601 3091 AEgy·

1573 3094 1655 3165 pti
1686 3093 1854 3164 regis,
1894 3095 2165 3167 navigium
2190 3094 2473 3151 cedrinum
2490 3099 2603 3152 lsu·

1576 3172 1666 3227 dut
1692 3172 1961 3229 Diodorus
1984 3175 2220 3243 Siculus,
2250 3177 2383 3230 Bibl.
2414 3178 2511 3233 lib.
2536 3179 2565 3231 1
2580 3216 2599 3243 ‚

1573 3270 1695 3325 psg.
1732 3252 1826 3307 52.
1854 3252 2155 3313 Fsbricssse
2180 3257 2339 3311 etism
2360 3257 2601 3329 Caligula

1572 3329 1773 3387 dicitur
1798 3332 1867 3387 de
1887 3332 2061 3403 cedris
2082 3336 2431 3401 Liburnicas,
2458 3356 2601 3411 gem·

1574 3412 1727 3467 mstis
1754 3414 2058 3484 puppibus,
2100 3428 2197 3469 etc.
2225 3415 2513 3471 Suetonius
2540 3417 2599 3470 in

1574 3490 1709 3545 Csio
1727 3528 1744 3557 ,
1770 3510 1891 3563 cap.
1934 3512 2138 3547 xxxvii.
2168 3494 2357 3548 Hnn.

1664 3588 1687 3625 ι
1700 3572 1753 3625 3.
1794 3572 2016 3625 Maxim
2036 3594 2113 3626 ea.
2138 3574 2371 3628 Maxima
2384 3574 2597 3629 cedrus.

1572 3650 1929 3722 Theophrsst.
1950 3652 2051 3707 loc.
2078 3653 2172 3708 cit.
2205 3654 2395 3707 Hsnn.

1659 3748 1682 3783 1
1694 3737 1745 3794 4.
1762 3730 2013 3786 Danaen-ii.
2032 3734 2163 3805 Ejus
2176 3732 2273 3807 qni
2286 3732 2599 3788 Poliorcet-

1571 3826 1869 3881 cognomen
1890 3809 2115 3884 adeptus
2132 3826 2239 3878 est,
2255 3812 2511 3886 Antigoni
2533 3814 2594 3867 1³¹.

467 3890 622 3945 MSS.
651 3890 784 3959 Reg.
821 3909 849 3943 α
881 3902 934 3943 et
961 3888 1212 3943 Ambros.
1249 3906 1299 3957 ι,
1329 3907 1388 3951 s,
1417 3890 1481 3941 ob
1568 3888 1756 3943 ΗΑΒ».

457 3974 563 4023 iter.
585 3972 811 4023 Rezson.
832 3970 894 4022 ob
915 3970 972 4021 id
989 3972 1094 4021 iter.
1124 3968 1229 4021 En.

1656 3988 1677 4022 ι
1692 3968 1740 4021 5.
1770 3968 1973 4023 cenem
1995 3974 2214 4041 triginta.
2234 3971 2592 4043 Tbeophrsst.
