2850 4684
1031 354 1332 423 LIBER
1381 356 1589 423 XIV.

2225 383 2356 455 297

223 482 446 571 libus,
499 484 695 554 acino
741 485 932 582 nigro
987 484 1152 553 fabae
1204 473 1723 579 magnitudine&
1726 538 1745 569 ,
1786 487 2023 557 nucleo
2072 488 2253 559 molli
2298 507 2365 560 et

223 591 561 669 minimo,
625 588 910 707 obliquis
948 593 1224 661 racemis
1264 580 1773 685 praedulcibus⁴⁹
1786 645 1807 678 ‚
1856 588 2014 662 folio
2058 619 2263 689 parvo
2298 612 2366 666 et

229 694 579 779 rotunde,
626 696 764 764 sine
797 694 1122 765 divisuris.
1167 699 1463 791 Septimo
1507 698 1662 767 hinc
1702 684 1913 768 anno⁵
1917 698 1963 785 ⁰,
2002 701 2071 768 in
2109 702 2363 771 Narbo·

229 802 464 871 nensis
500 801 855 895 provincias
892 786 1121 869 Alba⁵¹

1167 801 1431 933 Hel⁵via‚
1472 806 1739 873 inventa
1774 818 1873 873 est
1911 806 2062 875 vitis
2090 831 2224 875 uno
2260 807 2366 877 die

227 906 721 975 deflorescens:
745 906 834 978 ob
870 906 936 974 id
961 894 1342 976 tutissima⁵²
1348 911 1529 979 ,Nar
1530 909 1833 979 bonicum
1865 925 2107 980 vocant
2118 936 2363 1005 ‚quam

229 1036 424 1081 nunc
455 1026 600 1081 tota
641 1013 930 1105 provicia
963 1014 1264 1083 conserit.

351 1120 432 1185 V.
472 1110 500 1206 (
519 1106 656 1207 tv.)
698 1119 1030 1186 Catonum
1069 1117 1212 1187 ille
1254 1120 1543 1214 primus,
1578 1121 1917 1216 triumpho
1964 1136 2032 1191 et
2077 1146 2353 1199 censura
2396 1150 2417 1183 ι

231 1246 441 1317 super
495 1236 732 1291 caetera
781 1224 1053 1317 insignis
1073 1276 1093 1304 ,
1131 1227 1340 1320 magis
1382 1240 1603 1295 tamen
1660 1228 2020 1297 etiamnum
2067 1226 2363 1299 claritate

231 1326 650 1415 litterarum,
694 1331 1168 1423 praeceptisque
1212 1332 1509 1400 omnium
1564 1356 1787 1401 rerum
1842 1333 2357 1427 expetendarum

231 1432 407 1502 datis
468 1435 692 1563 generi
737 1432 1074 1519 romanoss
1113 1436 1286 1505 inter
1324 1438 1536 1530 prima
1577 1462 1737 1505 vero
1788 1462 2023 1532 agrum
2064 1437 2361 1527 colendi,

233 1536 410 1608 illius
449 1525 613 1609 aevi³
653 1539 1062 1611 confessione
1106 1543 1396 1635 optimus
1444 1566 1519 1611 ac
1561 1543 1699 1611 sine
1746 1542 1986 1612 aemulo
2024 1544 2311 1638 agricola
2331 1598 2351 1631 ,

231 1667 450 1737 pauca
473 1647 693 1739 attigit
731 1647 966 1715 vitium
1009 1671 1288 1741 genera,
1317 1648 1753 1741 quarumdam
1787 1674 1869 1717 ex
1895 1650 1974 1718 iis
1993 1650 2130 1743 jam
2161 1652 2357 1719 etiam

231 1749 616 1819 nominihus
641 1750 916 1821 abolitis.
959 1754 1323 1846 Separatim
1361 1767 1503 1822 toto
1544 1767 1829 1823 tractatu
1858 1758 2179 1824 sententia
2212 1756 2354 1849 ejus

234 1854 592 1924 iudicanda
624 1869 756 1943 est,
797 1871 874 1924 ut
908 1859 977 1924 in
1013 1858 1194 1925 omni
1237 1882 1477 1951 genere
1511 1881 1899 1944 noscamus,
1936 1884 2081 1953 quae
2114 1860 2358 1931 fuerint

231 1960 704 2041 celeberrinia‚‘
727 1985 903 2029 anno
931 1964 1401 2031 sexcentesimo
1439 1962 1686 2049 Urbis,
1724 1965 1897 2032 circa
1936 1980 2162 2059 captas
2188 1968 2356 2035 Car-

587 2052 614 2095 A

231 2066 574 2160 thaginem
648 2090 728 2133 ac
757 2066 1150 2135 Corinthum
1165 2092 1429 2197 ‚quum
1452 2092 1836 2162 supremum
1864 2072 1919 2137 is
1947 2070 2120 2139 diem
2158 2073 2355 2161 obiit,

231 2186 301 2240 et
324 2185 652 2300 quantum
677 2186 906 2265 postea
938 2194 1167 2241 ccxxx
1202 2158 1429 2241 annis⁵
1468 2174 1603 2241 vita
1645 2174 2021 2267 profecerit.
2048 2180 2230 2272 Ergo
2266 2179 2349 2248 de
2388 2200 2415 2233 ²

232 2260 532 2345 vitibus⁶
579 2280 853 2371 uvisque
901 2280 994 2346 ita
1041 2278 1433 2373 prodidit.
1356 2278 1433 2318 ⁷·
1417 2280 1585 2373 .qui
1629 2278 1813 2349 locus
1861 2283 2016 2350 vino
2063 2286 2352 2378 optimus

310 2454 400 2513 ⁴8.
417 2449 584 2503 Acina
601 2450 888 2519 κίειν-[αὖα
906 2452 1248 2520 magnitudine.

235 2528 406 2583 Acino
435 2528 619 2599 nigro,
639 2527 786 2581 dulci
806 2567 822 2590 ,
853 2530 1070 2599 oblique
1091 2531 1250 2583 ramis

229 2606 537 2661 adhorente
550 2646 566 2672 ‚
585 2608 718 2660 faba
733 2608 1099 2679 magnitudine
1114 2645 1130 2672 ‚
1156 2610 1248 2680 qui

231 2688 457 2741 vinaceo
475 2687 646 2741 simile
663 2687 938 2759 quippiam
963 2688 1108 2741 intus
1127 2706 1250 2741 con·

231 2765 366 2819 tinet
385 2804 402 2829 ‚
459 2766 620 2819 molle
641 2805 658 2830 ,
710 2766 840 2819 solio
896 2784 1063 2837 parvo
1084 2806 1098 2831 ,
1146 2780 1246 2820 etc.

227 2844 504 2915 Theophr.
531 2846 732 2898 Duae.

313 2931 410 2992 49.
452 2924 668 2977 Racemis
699 2924 1038 2995 praedulcibus.
1082 2925 1246 2977 Rece-

229 3022 354 3055 mns
402 3003 600 3057 Grauis
655 3004 824 3075 βότρυς
846 3043 862 3068 ,
903 3003 1070 3058 Gallis
1095 3041 1113 3067 ‚
1158 3024 1248 3057 une

225 3102 442 3153 ςπφμ,
481 3102 544 3137 ea
583 3084 781 3137 scilicet
815 3102 1037 3137 uvarum
1083 3096 1244 3149 testa,

228 3181 347 3234 qun
377 3163 604 3233 plurima
633 3182 793 3234 grana
819 3164 1075 3217 continet.
1108 3162 1176 3215 H.

313 3242 404 3295 50.
427 3242 638 3312 Septimo
670 3243 778 3293 hinc
814 3262 955 3295 anno.
998 3242 1082 3296 Sic
1115 3243 1242 3313 Reg.

233 3338 258 3373 ι
298 3320 417 3373 cod.
440 3334 495 3373 et
518 3322 671 3375 colb.
701 3322 762 3387 3,
803 3321 1027 3393 aliique,
1051 3340 1159 3373 non
1185 3333 1244 3373 ut

225 3401 426 3471 vulgati
463 3400 584 3454 libri
601 3438 616 3459 ‚
669 3413 840 3469 septem
866 3402 938 3451 his
964 3404 1119 3453 annis.
1145 3401 1214 3454 Η.

309 3480 397 3532 5ι.
431 3480 602 3545 Alba,
635 3492 735 3532 etc.
778 3480 984 3549 Vulgo,
1011 3479 1241 3532 Aubsnas

223 3556 287 3607 de
310 3558 552 3613 Vivat-ais.
572 3559 638 3611 Η.
657 3558 880 3613 —Nunc
901 3560 1045 3629 Alps.
1069 3558 1239 3614 Bnor.

309 3640 403 3690 5².
437 3638 518 3690 ob
557 3640 614 3691 id
641 3642 892 3693 tutissinm.
916 3639 1052 3692 Nam
1076 3657 1240 3709 quum

223 3733 334 3768 uno
348 3714 436 3769 die
452 3715 795 3777 deflorescat.
825 3718 916 3771 vix
943 3732 1020 3771 est
1043 3719 1100 3770 in
1126 3736 1241 3771 eam

221 3793 484 3851 imbribus
513 3796 1014 3867 tempestatibusque
1045 3799 1146 3867 jus.
1173 3798 1238 3847 Η.

303 3875 372 3927 V.
409 3894 456 3929 ι.
499 3874 740 3928 cotom
768 3876 866 3927 ule.
891 3877 1066 3947 Major
1099 3872 1242 3928 idem

223 3964 276 4006 et
312 3955 606 4009 Censorius
628 3954 921 4025 appellatus
949 3973 963 4006 ε
1009 3954 1080 4009 de
1094 3954 1245 4021 cujus

1337 2451 1610 2523 triumpho
1659 2471 1690 2506 e
1739 2453 1983 2507 citeriore
2042 2456 2297 2526 Hispania
2338 2496 2356 2523 ,

1336 2530 1655 2585 Plutarchus
1666 2534 1739 2585 «in
1758 2535 1871 2602 ejus
1895 2533 2030 2598 vita,
2058 2554 2177 2605 pag.
2210 2536 2352 2602 3423

1335 2606 1405 2663 de
1445 2612 1678 2664 Censura
1697 2650 1712 2675 ,
1739 2629 1861 2682 pag.
1894 2610 2027 2674 345.
2055 2611 2236 2666 Esau.

1422 2709 1477 2747 a.
1504 2690 1735 2742 Romano.
1762 2690 1880 2742 Dal.
1911 2690 2133 2744 humano.

1417 2768 1468 2821 3.
1492 2768 1632 2820 Illius
1658 2772 1764 2821 oeoi.
1800 2770 1929 2839 Reg.
1960 2787 1983 2820 1
2014 2782 2068 2822 et
2095 2769 2249 2823 colb.
2280 2779 2308 2825 3
2332 2810 2349 2833 ‚

1334 2846 1416 2898 ille
1441 2866 1557 2898 vero
1584 2849 1689 2898 oem'.
1732 2848 1862 2918 Reg.
1889 2866 1915 2899 2
1932 2885 1949 2911 ,
1991 2860 2045 2901 et
2064 2849 2244 2904 Chiffl.
2267 2852 2351 2903 ille

1335 2930 1441 2979 oem'.
1470 2924 1651 2976 Ham).

1416 3011 1470 3069 4.
1543 3004 1883 3075 Carthaginem
1910 3044 1926 3067 ,
1990 3018 2093 3061 etc.
2144 3007 2347 3061 Eodem

1333 3096 1559 3153 utraque
1602 3082 1729 3135 urbs
1780 3084 1947 3136 excisa
1998 3104 2139 3138 anno
2184 3088 2349 3142 Urbis

1329 3180 1525 3233 nempe
1556 3180 1764 3225 novur,
1803 3162 1949 3234 quod
1983 3163 2053 3217 de
2083 3167 2347 3221 Corintho

1331 3240 1547 3313 quidem
1571 3240 1777 3295 disertis
1799 3242 1971 3295 verbis
1990 3244 2191 3299 Plinius
2212 3265 2347 3302 asse·

1328 3334 1509 3384 verat,
1558 3320 1653 3375 lib.
1704 3320 1961 3387 XXXIV,
2008 3342 2124 3397 cap.
2165 3326 2217 3379 3.
2266 3330 2348 3381 De

1329 3399 1676 3471 Carthagine,
1711 3400 1980 3467 Velleius,
2013 3402 2109 3457 lib.
2138 3406 2183 3459 1.
2213 3406 2283 3460 Η.

1411 3478 1464 3533 5.
1500 3479 1773 3533 CCXXX
1798 3486 1954 3534 annis.
1988 3482 2265 3553 Scripsisse
2293 3504 2348 3537 se

1328 3556 1434 3612 hoc
1479 3577 1615 3631 opus
1672 3558 1930 3631 significat
1982 3579 2107 3615 ann.
2158 3564 2230 3618 U.
2280 3565 2343 3618 C.

1331 3640 1459 3692 830.
1496 3636 1672 3689 ΗΑιιι).

1410 3722 1466 3772 6.
1498 3718 1637 3788 Ergo
1662 3718 1723 3769 de
1753 3718 1943 3771 vitibus.
1972 3719 2100 3772 Haee
2148 3720 2206 3773 in
2242 3722 2343 3775 Ca-

1328 3797 1625 3851 tonislibro
1650 3796 1803 3850 deR.
1826 3800 1893 3852 R.
1914 3811 2136 3863 exstant,
2152 3818 2267 3870 cap.
2292 3804 2348 3864 6,

1325 3895 1449 3947 pag.
1482 3895 1547 3928 η
1585 3888 1637 3929 et
1669 3875 1757 3930 13.
1787 3874 1962 3928 Ηιιιω.

1409 3974 1464 4025 7.
1489 3957 1571 4009 lea
1584 3956 1821 4026 prodidit.
1852 3956 1987 4025 Cap.
2006 3958 2042 4008 6
2064 3967 2189 4025 et7-
2212 3958 2343 4009 Du..
