2850 4684
991 353 1307 420 LIBER
1363 353 1588 420 xm.
2208 357 2347 448 ¹49

213 507 464 578 graec,
503 481 750 568 melle,
781 468 1062 569 maro³⁶,
1090 507 1414 554 amaraco.
1458 488 1605 556 Hoc
1668 497 1811 552 erat
1848 483 2349 555 celeberrimum

215 573 638 658 Menandri³⁷
691 602 910 682 poetae
953 590 1188 659 comici
1233 604 1441 666 aetate.
1489 592 1723 664 Postea
1778 588 1989 658 multo
2038 594 2351 662 successit

209 708 491 788 propter
521 693 812 788 gloriam
831 693 1231 788 appellatum
1254 680 1665 790 megalium³⁸
1680 747 1701 782 ‚
1726 719 1807 764 ex
1836 694 1982 764 oleo
2008 695 2313 766 balanino
2328 751 2347 782 ‚

213 797 554 886 hammo,
569 799 834 869 calamo
849 851 870 886 ‚
885 800 1091 893 junco
1105 853 1128 888 ‚
1150 800 1631 894 xylobalsam0‚
1646 801 1817 872 casia
1838 853 1857 885 ‚
1875 803 2106 870 resina.
2138 803 2351 895 Hujus

213 908 630 1000 proprietas,
651 920 730 974 ut
753 905 1110 976 ventiletur
1131 908 1200 974 in
1232 905 1579 1000 coquendo
1594 959 1615 992 ,
1639 906 1853 976 donec
1874 906 2130 976 desinat
2143 906 2346 977 olere:

213 1035 452 1082 rursus
493 1011 960 1104 refrigeratum
1011 1012 1284 1082 odorem
1324 1037 1518 1083 suum
1562 1015 1755 1106 capit.
1802 1011 2055 1106 Singuli
2088 1037 2351 1107 quoque
2387 1036 2419 1086 8

215 1103 464 1188 succi³⁹
495 1115 748 1190 nobilia
769 1132 1108 1211 unguenta
1135 1117 1401 1187 faciunt.
1430 1122 1512 1187 In
1529 1118 1759 1213 primis
1779 1117 2265 1196 malobathrum
2276 1107 2355 1207 ⁴⁰,

217 1237 456 1316 postea
478 1224 596 1293 iris
629 1221 926 1314 Illyrica,
947 1237 1016 1292 et
1044 1225 1370 1317 Cyzicena
1398 1247 1769 1294 amaracus:
1792 1224 2153 1294 herbarum
2182 1239 2355 1294 utra-

215 1317 436 1422 que⁴‘.
455 1331 686 1403 Pauca
713 1329 852 1416 his,
889 1343 956 1398 et
996 1327 1124 1398 alia
1157 1328 1266 1406 alii
1300 1331 1611 1400 miscent:
1650 1331 1765 1423 qui
1800 1327 2081 1423 plurima
2102 1385 2121 1418 ,
2154 1329 2357 1400 alter-

223 1499 290 1555 de
305 1521 419 1575 qno
431 1503 535 1555 lib.
553 1501 760 1567 xxlv,
775 1521 888 1575 cap.
917 1521 938 1554 1
954 1523 1022 1556 no
1049 1493 1256 1574 (Tr-igo—
1339 1503 1611 1558 Helladius
1658 1503 1714 1555 in
1754 1503 2176 1558 Chrestomathia
2214 1505 2356 1577 apud

227 1583 350 1636 ιιι.
363 1583 546 1650 sm„
567 1600 816 1652 mem,
843 1573 1028 1651 mun.)
1051 1581 1253 1637 Eadem
1283 1565 1595 1637 ‘photium
1636 1583 1693 1635 in
1744 1583 1883 1660 nihi.
1910 1581 2031 1636 ωᾱ.
2058 1602 2169 1654 279
2186 1620 2205 1646 ‚
2232 1603 2355 1654 pag.

227 1660 294 1714 de
317 1663 474 1719 melini
501 1662 836 1720 confectione
849 1701 870 1728 ,
887 1661 1222 1716 Dioscorides
1235 1702 1250 1728 ,
1345 1681 1368 1716 1
1383 1663 1517 1727 585,
1533 1663 1697 1732 Μύρον
1714 1665 2007 1727 Merulam,
2020 1662 2219 1735 inquit,
2237 1665 2355 1732 ὅπερ

229 1741 321 1794 lib.
343 1743 374 1794 1
391 1779 410 1806 ,
436 1759 558 1812 eap-
589 1747 656 1810 57
683 1780 700 1806 ‚
733 1742 827 1796 ubi
862 1741 1158 1795 accuratius
1185 1741 1254 1794 de
1339 1735 1442 1813 εὗρε
1458 1745 1685 1801 Mino-oc
1704 1744 2041 1812 Συρακούσιος.
2065 1743 2358 1815 Hesychius

231 1821 560 1892 singularum
580 1839 760 1873 rernm
794 1818 1048 1892 pondere.
1071 1821 1252 1874 Hsan.

311 1899 598 1955 affluam.
619 1901 702 1952 De
729 1917 794 1952 eo
823 1898 1088 1963 diximus,
1107 1899 1252 1952 libro

237 1980 538 2051 superiore.
561 1997 680 2050 cap.
713 1979 806 2032 ⁵3.
829 1980 899 2032 Et
915 1977 1048 2032 illud
1070 1980 1126 2030 in
1153 1998 1252 2032 un-

236 2060 441 2130 gnentis
460 2057 686 2111 adhibet
698 2058 1050 2129 Theophrast.
1073 2059 1167 2110 lib.
1185 2057 1254 2112 de

237 2136 524 2192 Odon-ibus.
553 2138 738 2192 Hunn-

315 2217 408 2288 37.
445 2217 727 2271 lla-andri.
779 2215 922 2270 Vide
961 2218 1252 2270 Auctor-um

239 2295 356 2350 lud.
375 2311 416 2358 t,
439 2299 466 2350 1
481 2337 500 2360 ,
525 2315 646 2368 pag.
676 2298 782 2366 198
803 2294 932 2349 edit.
957 2309 1094 2348 nost.
1109 2297 1212 2358 En.

317 2377 410 2434 38.
427 2377 716 2446 Magnum.
739 2378 784 2428 A
797 2373 1162 2446 magnitudine
1183 2374 1256 2428 vi-

241 2455 374 2508 rium
394 2473 598 2510 nomeu
609 2455 784 2508 habet.
801 2455 996 2524 Ephesi
1019 2455 1254 2524 primum

243 2535 507 2590 laudatum
531 2575 550 2601 ,
579 2553 702 2586 mox
747 2531 1076 2586 Alexandria
1091 2571 1108 2599 ,
1153 2553 1254 2586 un·

243 2629 500 2686 ‘uentum
558 2615 832 2684 hamb-nov
863 2650 881 2675 ‚
938 2627 1122 2666 auctor
1179 2625 1257 2666 est

247 2695 548 2754 Athenaens.
570 2693 664 2746 lib.
681 2693 808 2756 XV,
826 2709 946 2763 pag.
966 2695 1096 2760 689.
1127 2693 1256 2761 Ejus

248 2771 560 2828 conficiendi
583 2773 846 2826 rationem
879 2769 1118 2824 eamdem
1149 2783 1255 2822 tra·

249 2851 686 2925 ditTheophrast.
700 2850 768 2904 de
793 2848 964 2904 Odor.
977 2868 1100 2921 pag.
1130 2851 1256 2904 188.

251 2940 294 2986 A
305 2929 665 3004 magnitudine
677 2929 872 2983 virium
887 2927 943 2981 id
961 2929 1008 2982 ei
1023 2946 1258 3000 unguen-

251 3023 306 3066 ω
325 3030 522 3066 nomen
548 3009 899 3080 adscriptum,
925 3007 1160 3062 Plinium
1182 3026 1260 3060 se-

253 3092 356 3146 cuti
407 3089 656 3146 diximus.
709 3088 898 3160 Neque
937 3105 1035 3142 nos
1081 3101 1258 3140 tamen

255 3172 480 3244 prata-it
495 3171 783 3242 scriptores
806 3168 934 3220 alios
951 3166 1008 3220 in
1023 3166 1147 3220 alias
1163 3167 1260 3220 ab-

257 3251 328 3304 ire
355 3265 548 3320 partes.
571 3249 708 3302 Nam
733 3265 762 3299 a
793 3246 970 3300 Siculo
994 3245 1226 3319 quodam
1241 3285 1258 3311 ‚

259 3329 336 3382 cni
355 3330 562 3402 Megalo
581 3344 779 3380 nomen
802 3325 902 3378 fuit
918 3365 935 3390 ,
958 3325 1262 3398 appellatio·

261 3427 372 3462 nem
399 3407 686 3462 deductam
724 3406 794 3459 ait
839 3405 1072 3459 Sosibius
1115 3401 1261 3476 apud

263 3489 592 3551 Δὼωοιιω,
615 3487 714 3538 lib.
731 3485 858 3550 XV,
882 3503 1002 3556 pag.
1034 3488 1162 3554 690.
1193 3484 1264 3536 Et

261 3567 358 3622 Jul.
381 3569 572 3622 Pollux
587 3605 603 3631 ,
627 3566 722 3618 lib.
741 3565 849 3626 vl,
871 3581 983 3634 cap.
1014 3581 1035 3616 1
1050 3582 1082 3632 9
1098 3600 1115 3628 ,
1141 3581 1262 3634 pag.

269 3652 362 3718 296
385 3649 586 3718 εΜύρον
611 3645 884 3713 Μιγᾱλιῑον
913 3645 1010 3696 ἀπὸ
1029 3644 1262 3712 Μιγάλου

261 3728 550 3782 Σωλιότου.
565 3721 758 3777 suida·
779 3741 1018 3794 quoque,
1040 3735 1168 3776 tom.
1189 3721 1266 3783 11,

263 3825 368 3878 pag.
398 3825 422 3860 x
439 3829 460 3858 ι
473 3825 502 3858 a
523 3843 542 3870 ,
563 3817 622 3856 et
645 3813 768 3855 ante
783 3803 906 3856 istos
923 3801 1112 3855 Galen.
1130 3797 1266 3854 κατὰ

262 3889 450 3950 τόπους,
493 3884 595 3938 lib.
623 3881 706 3942 Π,
751 3898 868 3950 cap.
901 3900 962 3946 a,
991 3899 1112 3952 pag.
1139 3879 1266 3934 380.

263 3965 392 4034 Quin
405 3978 456 4020 et
473 3961 546 4018 de
561 3961 780 4016 nomine
800 3959 1119 4031 discrepant.
1133 3957 1268 4014 Nam

1338 1837 1583 1892 qnoque:
1606 1820 1905 1873 Μετῶλιιον
1928 1823 2136 1892 μύρον...
2156 1823 2357 1874 Mira).-

1335 1907 1416 1955 λοι
1430 1905 1523 1971 γάρ
1544 1919 1616 1960 τις
1640 1900 1924 1960 Σικελιώτης
1942 1901 2031 1958 τὴν
2050 1905 2135 1952 τοῦ
2158 1907 2359 1954 Marel-

1333 1980 1463 2033 λείου
1490 1981 1637 2050 μύρου
1658 1979 1966 2035 κατασκευὴν
1991 1973 2119 2050 εὗρεν
2133 2001 2145 2014 ·
2166 1981 2355 2050 μίμνῃ·

1337 2079 1420 2112 ται
1440 2056 1499 2113 δὲ
1522 2059 1606 2112 καὶ
1624 2059 1941 2129 Φερεκράτης.
1974 2059 2155 2113 Han.

1419 2138 1513 2208 39.
1536 2137 1732 2207 Singuli
1754 2157 1937 2210 quoque
1950 2141 2080 2190 succi
2091 2175 2109 2202 ‚
2128 2150 2231 2193 ete.
2252 2139 2355 2192 Le-

1336 2216 1493 2289 gend.
1516 2243 1539 2265 ι
1556 2217 1761 2288 Singuli
1774 2236 1987 2288 quoque
1998 2218 2139 2273 succi
2152 2218 2355 2272 nobilia

1339 2309 1604 2368 unguenta
1637 2297 1868 2361 faciunt,
1894 2297 1951 2348 in
1978 2297 2163 2368 primis
2192 2297 2355 2350 mala-

1336 2377 1605 2442 bathrum,
1614 2389 1793 2447 postea
1806 2377 1899 2428 iris
1914 2377 2127 2447 Illyrica
2140 2389 2191 2429 et
2205 2376 2359 2448 Cyzi·

1337 2473 1467 2508 cena
1485 2473 1753 2509 amaracus
1764 2493 1781 2519 ‚
1796 2455 2085 2508 herbarum
2100 2468 2355 2526 utraqueg
2434 2467 2444 2484 ⁸

1337 2553 1505 2606 pauca
1525 2535 1611 2586 his
1640 2546 1693 2586 et
1716 2533 1818 2586 alia
1840 2533 1929 2586 alii
1946 2535 2181 2586 miscent.
2203 2559 2225 2580 ι-
2246 2535 2359 2588 Ma·

1337 2613 1637 2666 labathrum
1652 2630 1775 2664 succ
1783 2601 1843 2664 u's
1862 2623 1939 2664 est
1956 2651 1971 2678 ,
1982 2609 2039 2662 id
2054 2625 2134 2664 est
2146 2650 2161 2675 ,
2174 2613 2359 2664 oleum

1339 2690 1487 2764 quod
1531 2711 1597 2745 ex
1642 2690 1968 2743 malobathro
2017 2689 2355 2760 exprimitur.

1340 2773 1522 2824 Herba
1555 2783 1678 2824 sunt
1706 2770 1799 2822 iris
1824 2780 1875 2822 et
1900 2786 2170 2820 amaracus
2187 2807 2205 2834 ,
2230 2787 2361 2840 qua·

1341 2870 1460 2904 rum
1500 2867 1709 2912 succus,
1749 2846 1803 2900 id
1837 2859 1940 2911 est,
1972 2848 2150 2901 oleum
2176 2867 2275 2920 per
2304 2868 2359 2902 se

1343 2943 1669 2999 unguentum
1697 2927 1929 2992 faciunt,
1969 2926 2162 2998 quibus
2192 2946 2361 2998 pauca

1343 3021 1398 3063 et
1423 3009 1525 3062 alia
1568 3008 1659 3063 alii
1690 3007 1924 3060 miscent.
1969 3006 2203 3062 Samis.
2240 3027 2357 3080 pag.

1427 3173 1515 3230 40.
1543 3165 1917 3218 Malobatlirum.
1955 3166 2037 3218 De
2081 3184 2191 3237 quo
2218 3166 2361 3220 libro

1344 3265 1461 3318 sup.
1486 3264 1602 3316 cap.
1634 3247 1727 3314 59.
1746 3243 1927 3300 Hann-

1427 3331 1461 3388 4
1474 3342 1495 3377 1
1508 3365 1520 3378 .
1550 3325 1817 3377 Herbarum
1844 3335 2059 3396 ueraque.
2089 3324 2138 3376 E
2172 3343 2363 3396 genere

1344 3405 1629 3458 herbarum
1646 3417 1888 3475 utraque,
1908 3405 1984 3456 Ita
2002 3404 2365 3475 rescripsimus

1345 3483 1623 3539 admonitu
1648 3482 1807 3537 codd.
1832 3484 1961 3554 neg.
1989 3483 2143 3537 colb.
2172 3497 2224 3537 et
2244 3486 2363 3538 Par.

1346 3583 1515 3635 quum
1550 3564 1697 3634 prius
1738 3579 2017 3635 perperam
2066 3562 2329 3633 legeretur
2348 3601 2365 3628 ,

1357 3669 1379 3692 ι
1398 3642 1645 3696 Her-barii
1680 3643 1737 3696 in
1778 3653 2002 3712 utraque
2040 3659 2207 3711 pauca
2226 3682 2243 3707 ,
2273 3639 2369 3695 sed

1351 3723 1453 3776 alia
1479 3722 1595 3789 alii,
1618 3735 1719 3776 etc.
1744 3747 1767 3768 ι
1796 3720 2018 3793 perinde
2036 3739 2097 3774 ac
2118 3721 2160 3773 si
2187 3723 2374 3774 herba-

1351 3801 1555 3856 riorum
1568 3819 1759 3854 munus
1786 3800 1919 3854 foret
1934 3839 1950 3864 ,
1968 3799 2157 3854 odores
2183 3800 2373 3853 misce-

1351 3898 1439 3946 re,
1460 3899 1571 3934 non
1604 3878 2009 3952 myropolarum
2046 3879 2252 3949 potius,
2282 3895 2377 3942 scu

1359 3961 1851 4032 unguentariorum.
1872 3957 2059 4010 Bran.

1994 4045 2116 4130 10³
