2850 4684
1015 369 1320 437 LIBER
1367 368 1580 436 xlv.

2206 368 2345 463 293

181 502 494 571 nomine
545 498 882 595 appellant
905 552 925 585 ,
997 502 1298 595 quamvis
1356 500 1639 569 Clusinis
1682 502 2132 618 copiosiorem.
2184 502 2346 568 Mu-

181 608 454 701 nicipii
467 591 514 631 ‘³

573 619 644 674 et
689 606 992 675 leurtes
1054 604 1521 701 appellavere,
1578 630 1877 699 quamvls
1943 604 2343 699 Oleaglneassl

185 736 442 806 nuper
491 712 864 780 invenerint
921 734 962 779 a
1017 710 1435 781 similitudine
1489 710 1693 781 olivae.
1769 712 2143 780 Novissima
2200 711 2343 780 haec
2388 723 2449 777 ι5
2534 696 2541 702 ’

189 840 511 886 uvarum
537 816 624 885 ad
665 816 796 887 hoc
836 830 1096 910 tempus
1124 832 1386 946 reperta
1423 832 1540 885 est.
1572 802 2047 886 Vinaciolam¹⁴
2080 814 2199 884 soli
2228 841 2343 884 no·

190 936 470 992 verunt
491 921 752 1006 Sabini,
785 936 854 989 et
883 908 1266 991 Laurenti¹⁵

1271 920 1496 991 ‚Nam
1535 907 1949 991 Gauranas¹⁵
1985 921 2119 991 scio
2155 945 2194 988 a
2228 924 2344 990 Fa-

193 1025 416 1097 lerno
465 1051 632 1123 agro
665 1026 1011 1096 translatas
1057 1030 1281 1097 vocari
1329 1026 1677 1113 Falernas,
1720 1026 2057 1096 celerrime
2102 1026 2348 1121 ubique

193 1132 720 1228 degenerantes.
761 1134 904 1202 Nec
931 1156 1067 1211 non
1102 1130 1589 1201 Tarentinum¹⁷
1624 1157 1829 1226 genus
1860 1132 2057 1225 aliqui
2090 1131 2304 1201 fecere
2325 1179 2345 1214 ,

197 1238 546 1331 predulci
585 1260 734 1307 uva.
777 1240 1065 1332 Capnias
1087 1224 1169 1325 ¹⁸,
1210 1253 1278 1307 et
1308 1239 1743 1323 bucconiatis‚
1788 1251 1855 1305 et
1896 1239 2229 1381 tagi-apia,
2277 1237 2347 1307 in

195 1344 540 1413 Thurinis
573 1341 848 1413 collibus
875 1368 1012 1412 non
1041 1358 1194 1413 ante
1228 1344 1672 1423 demetuntur,
1708 1342 1947 1438 quam¹
1952 1342 2345 1435 ⁹gelaverit.

201 1447 538 1519 Pharia²⁰
584 1449 874 1541 gaudent
915 1452 1114 1533 Pisae3
1154 1451 1483 1517 Mutina²¹
1513 1450 1845 1533 Pmsinia,
1884 1450 2077 1542 nigro
2114 1449 2302 1517 acino
2325 1496 2346 1529 ‚

205 1556 398 1623 intra
443 1554 950 1649 quadriennium
1009 1553 1380 1625 albescente
1424 1556 1603 1623 vino.
1672 1556 1919 1623 Mirum
1977 1553 2157 1621 ubi²²
2192 1577 2345 1621 cum

205 1659 360 1731 sole
399 1662 760 1754 circumagi
801 1684 1045 1747 uvam,
1096 1686 1242 1755 quae
1282 1661 1370 1731 ob
1411 1661 1478 1729 id
1514 1660 1841 1754 str²eptos
1846 1648 2203 1729 ³vocatur.
2257 1660 2347 1727 Et
2446 1748 2451 1755 Ι

205 1768 288 1833 in
335 1765 532 1835 Italia
577 1764 898 1835 Gallicam
958 1766 1256 1859 placere,
1313 1782 1497 1836 trans
1551 1764 1749 1859 Alpes
1804 1789 1964 1833 vero
2014 1766 2341 1833 Picenam.

209 1976 344 2026 nine
377 1974 643 2045 appellant.
693 1973 977 2046 Exemplar
1023 1974 1237 2027 Toleta-

209 2070 346 2105 ηοω
362 2093 381 2118 ,
399 2054 662 2124 Mani-cipit
670 2073 802 2105 suam
820 2054 1032 2125 Pompeii
1055 2056 1240 2105 nomine

213 2133 449 2203 amellae-
491 2131 842 2187 Seribendum
872 2150 994 2185 reor
1027 2150 1237 2203 praepo·

212 2224 358 2264 stem
383 2210 580 2265 ordine
593 2250 611 2276 ‚
645 2213 862 2281 Pompeii
883 2214 1130 2281 municipii
1152 2230 1238 2264 suo

213 2292 676 2362 mappella&
696 2291 850 2343 Pur-r.
867 2320 947 2333 -
965 2292 1232 2360 Μιωίσίρὶἱ.

211 2368 594 2445 Pompeianam
617 2383 670 2423 et
683 2370 1022 2423 Tiburtinam
1036 2388 1194 2422 uvam
1215 2408 1232 2435 ,

213 2448 283 2502 de
310 2450 732 2521 municipiorum
763 2448 980 2515 nornine
1019 2448 1234 2502 traxisse

211 2528 624 2601 appellationem
638 2526 726 2581 eit.
745 2528 824 2580 De
835 2528 920 2580 his
933 2527 1236 2597 municipiis

212 2608 418 2677 egimus
441 2608 541 2660 lib.
562 2608 677 2673 111,
705 2625 818 2678 cap.
835 2627 868 2676 9
895 2618 947 2659 et
976 2625 1063 2676 17.
1083 2606 1234 2658 H.—

209 2686 436 2759 Pompeie'
455 2690 658 2739 nemim.
672 2688 877 2757 Nempe
893 2704 922 2739 a
939 2684 1230 2756 Pompeiis,

209 2785 357 2819 nune
393 2766 622 2837 Pompeia
638 2804 656 2831 ,
697 2766 864 2817 ruinis
904 2782 1064 2836 quam
1103 2764 1231 2817 vino

205 2845 544 2901 clarioribus.
567 2844 734 2897 Bnorr.

298 2923 393 2977 13.
421 2924 691 2995 Municipii.
715 2923 837 2975 Vet.
875 2918 1021 2993 apud
1047 2921 1224 2975 Dalec.

207 3004 508 3056 Matianum.
529 3004 634 3057 En.

297 3090 390 3147 14.
427 3082 748 3135 Vinaeiolam.
796 3080 850 3131 V
847 3078 1053 3132 inae-iola
1080 3082 1196 3130 vitis
1211 3116 1228 3143 ,

205 3162 388 3235 inquit
415 3162 663 3225 Raecius,
679 3160 770 3213 lib.
787 3160 897 3222 vl,
938 3177 1060 3230 pag.
1083 3160 1188 3211 ²81
1210 3194 1224 3216 ‚

213 3268 236 3287 -
283 3244 342 3295 in
377 3241 500 3295 altis
525 3240 807 3293 arboribus
830 3238 1126 3302 sublevata,
1157 3250 1229 3289 te·

207 3338 320 3374 nne
345 3332 400 3373 et
424 3338 604 3391 aquen
637 3320 801 3371 ferme
829 3317 1130 3371 substantia
1146 3315 1224 3369 vi-

208 3418 342 3453 num
365 3397 573 3453 edebat.
610 3424 632 3445 ι
664 3398 848 3450 Ηιιιι).

297 3478 662 3533 ustam-nti.
703 3478 784 3529 De
821 3476 1088 3528 Laurento
1129 3493 1225 3547 op-

207 3556 374 3629 pido,
417 3558 474 3611 in
519 3556 750 3610 Ostiensi
781 3573 940 3625 agro,
987 3554 1082 3606 lib.
1106 3554 1226 3617 111,

210 3656 330 3708 cap.
362 3657 416 3707 9.
449 3636 640 3691 Ηιιω.

293 3718 385 3770 16.
423 3716 704 3771 Gauranos.
735 3714 780 3765 A
807 3712 988 3766 Gauro
1017 3724 1223 3772 monte,

211 3794 276 3847 de
301 3813 414 3865 qno
441 3795 540 3847 lib.
567 3794 678 3859 111,
706 3810 821 3864 cap.
851 3811 884 3861 9
901 3810 1040 3863 ‚quo
1066 3803 1229 3845 trans·

211 3873 326 3925 laten
352 3874 596 3929 Falerno
629 3872 790 3933 vites,
834 3870 924 3925 sed
953 3870 1026 3923 ibi
1074 3867 1229 3939 dege-

211 3972 372 4008 neres.
394 3952 713 4007 H.-Mons
731 3950 819 4005 ille
833 3942 1076 4021 (Barbam
1096 3966 1228 4019 quo·

1325 1992 1430 2045 que
1458 1970 1786 2044 appellatus)
1826 1972 2027 2024 eximias
2064 1970 2343 2024 fertilitatis

1325 2052 1632 2105 volcanieus
1644 2064 1738 2104 est.
1750 2050 1833 2104 Cf.
1845 2049 2345 2119 Hmnmnssampi

1323 2131 1571 2201 Phlegrae*
1584 2168 1599 2193 ,
1627 2143 1667 2183 t.
1688 2129 1946 2183 XXVIII.
1975 2131 2138 2183 Bno’r.

1411 2228 1433 2262 1
1448 2229 1498 2281 7.
1547 2212 1875 2263 Tanntireum.
1924 2208 2003 2260 De
2038 2226 2101 2261 eo
2150 2226 2341 2279 genere

1323 2284 1561 2343 dicemus
1600 2306 1714 2360 cap.
1749 2290 1803 2341 8.
1826 2288 2010 2340 Han.

1407 2369 1495 2421 18.
1546 2368 1776 2438 Capnias.
1818 2368 1865 2419 A
1914 2364 2143 2438 quodam
2188 2366 2336 2435 quasi

1319 2448 1497 2499 colore
1520 2448 1683 2513 fumi,
1715 2447 1806 2519 qui
1821 2447 2002 2505 καπνὸς
2018 2457 2091 2497 est
2112 2444 2336 2506 Graecis,

1319 2528 1502 2580 sortita
1554 2526 1668 2579 haec
1715 2544 1815 2577 uva
1861 2542 2057 2576 nomen
2108 2522 2333 2575 videtur.

1321 2604 1461 2657 Hinc
1502 2598 1619 2665 οἶνος
1673 2604 1883 2664 καπνίας
1936 2600 2223 2653 Beneventi
2279 2600 2333 2650 in

1317 2684 1467 2737 Italia
1496 2684 1829 2753 wincella-ns,
1884 2691 2013 2732 teste
2045 2678 2333 2739 Athenae,

1315 2762 1409 2815 lib.
1438 2764 1495 2826 1,
1521 2781 1637 2832 pag.
1671 2762 1737 2813 31
1757 2798 1773 2824 ,
1817 2779 1925 2811 non
1947 2778 1975 2811 a
2009 2758 2155 2811 fumo
2177 2795 2192 2819 ,
2224 2774 2333 2824 quo

1317 2840 1502 2893 vinum
1522 2840 1755 2893 suffitum
1785 2839 1943 2890 fuerit
1960 2876 1975 2901 ,
2013 2847 2073 2887 ut
2099 2836 2332 2887 Barbare

1317 2920 1519 2984 visum,
1545 2916 1639 2972 sed
1666 2919 1730 2969 ab·
1761 2935 1876 2969 uvae
1901 2916 2094 2968 colore.
2114 2912 2301 2965 Han.

1402 3017 1495 3067 19.
1576 2998 1735 3067 Quam
1796 2996 2041 3067 gelaverit.
2100 2992 2329 3045 Martiali

1315 3088 1447 3130 teste
1461 3114 1477 3141 ,
1502 3076 1595 3128 lib.
1609 3077 1665 3140 1,
1685 3094 1771 3146 ep.
1792 3093 1935 3138 κιιτ,
1952 3074 2005 3126 in
2030 3090 2327 3125 mensarum

1315 3154 1520 3210 deliciis
1546 3156 1691 3208 fuere
1708 3194 1722 3219 ,
1752 3177 1774 3199 ι
1801 3152 1934 3219 Quae
1958 3152 2025 3205 de
2046 3149 2209 3205 tardis
2226 3168 2331 3203 ser-

1313 3248 1507 3289 vantur
1533 3234 1731 3287 vitibus
1758 3252 1888 3286 uvae.
1928 3258 1949 3279 ι
1988 3230 2167 3281 Ham).

1399 3332 1486 3367 ιο.
1517 3313 1717 3365 Pharia.
1736 3312 1886 3365 MSS.
1911 3311 2081 3362 Paria.
2106 3310 2208 3364 En.

1397 3412 1489 3446 ιι.
1532 3392 1737 3445 Mutina.
1790 3391 1869 3443 Ut
1912 3390 2104 3443 Pharia
2152 3388 2325 3441 Pisani

1313 3471 1425 3545 agri
1444 3510 1459 3537 ,
1477 3472 1548 3524 ita
1572 3470 1888 3524 Mutinensis
1906 3467 2144 3521 Prasinia
2162 3485 2324 3538 pecu·

1314 3550 1459 3605 liaris
1482 3552 1599 3603 fuit.
1622 3548 1800 3601 Huni.

1399 3650 1428 3683 a
1442 3650 1493 3684 a.
1512 3630 1689 3683 Mirum
1708 3618 2068 3681 ubi.1tn'Mss.
2087 3626 2325 3697 proxime

1314 3708 1534 3763 laudati.
1556 3709 1715 3762 Forte
1737 3708 1805 3760 ibi
1821 3728 1841 3760 .·
1867 3706 1949 3759 vel
1978 3704 2085 3769 ubi,
2112 3723 2213 3775 pro
2235 3703 2330 3754 ali·

1315 3790 1438 3843 cubi·
1460 3788 1611 3842 Libri
1639 3788 1865 3859 vulgati,
1892 3786 2075 3855 uquue.
2107 3782 2284 3833 Hanno.

1403 3868 1491 3921 23.
1525 3868 1752 3939 Streptos.
1782 3865 2058 3935 Στρεπτὸς,
2097 3860 2328 3915 versabi-

1318 3948 1411 4011 lis,
1435 3966 1552 4018 qua
1578 3947 1976 4015 circumagatur.
1996 3940 2168 3992 Hsnn.

1996 4022 2122 4128 19⁵
