2850 4684
995 349 1322 458 ‘LIBER
1393 350 1612 422 x111.
2226 343 2375 442 159

231 491 490 568 praestat
521 491 778 546 contra
803 481 1200 574 aspergines.
1241 463 1776 550 Procerioribus⁶
1796 477 1997 558 silva,
2024 477 2261 551 arbore
2294 503 2375 548 ex
2416 509 2443 540 α

235 585 364 675 ipsa
387 582 718 655 foliorum
752 582 984 654 aculeo
1003 585 1354 656 fruticante
1381 589 1559 656 circa
1590 599 1757 654 totas
1786 583 2195 677 pectinatim,
2214 609 2379 678 quas

237 687 564 758 silvestres
585 688 866 783 intelligi
895 715 1160 762 necesse
1180 707 1296 761 est.
1321 691 1621 763 Incerta⁷
1644 706 1869 760 tamen
1892 687 2158 760 libidine
2180 692 2375 760 etiam

237 795 608 864 mitioribus
669 819 744 864 se
804 798 1102 866 miscent.
1163 785 1494 892 Reliquae⁸
1542 812 1778 866 teretes
1814 810 2012 888 atque
2053 819 2376 888 procerae,

235 899 448 968 densis
484 899 952 994 gradatisque⁹
984 905 1305 975 corticum
1349 903 1727 998 pollicibu5‚
1762 917 1839 973 ut
1872 901 2177 985 orbibus,
2218 900 2375 970 faci-

237 1004 324 1073 les
349 1031 420 1074 se
447 1005 536 1074 ad
573 1007 1030 1077 scandendum
1067 1011 1358 1078 Orientis
1394 1008 1654 1104 populis
1692 1007 2017 1102 praebent,
2054 1001 2303 1075 vitilem
2332 1005 2379 1029 ¹⁰

235 1283 608 1354 applicantur,
670 1283 1052 1357 adrepuntque.
1113 1285 1254 1340 Gaui

233 1363 439 1424 dicunt,
465 1383 526 1414 en
555 1363 770 1416 escalier.
793 1365 966 1418 Ham).

313 1447 368 1496 6.
414 1444 794 1495 procerioribus.
842 1444 980 1496 Sunt
1011 1463 1042 1496 e
1073 1463 1257 1514 proce·

235 1523 440 1574 riorum
505 1523 807 1593 palmarum
861 1541 1054 1594 genere
1113 1523 1254 1576 silvae

235 1601 474 1672 ingentes
499 1621 514 1654 :
539 1603 694 1671 cujus
719 1601 843 1653 folia
871 1603 1100 1654 aculeata
1119 1642 1134 1666 ,
1167 1621 1254 1673 pe-

231 1680 588 1752 ctinatimque
605 1679 856 1752 disposita
879 1695 1000 1735 sunt
1015 1722 1030 1746 ,
1052 1699 1116 1734 ex
1139 1683 1255 1752 ipso

230 1762 438 1814 arbon's
498 1759 718 1813 caudice
777 1759 1125 1831 prodeuntia,
1181 1762 1256 1813 ita

233 1841 392 1908 plane
445 1851 510 1892 nt
555 1851 722 1892 totam
768 1839 1008 1892 arborem
1039 1842 1108 1893 ab
1147 1841 1258 1893 imo

233 1931 426 1972 tmnco
455 1919 524 1972 ad
549 1937 802 1972 cacumen
829 1921 1083 1974 ambiant.
1105 1921 1175 1972 Η.

313 2015 370 2066 7.
392 1999 604 2052 Incerta.
650 1999 740 2051 Sic
767 1999 917 2052 MSS.
958 2017 1170 2060 omnes»,
1204 2009 1258 2052 et

233 2075 388 2130 editi.
442 2078 550 2131 Alii
601 2083 780 2129 incesta
823 2079 1062 2150 malunt,
1107 2078 1253 2149 qnasi

231 2165 572 2228 μεταφορικῶς
600 2159 900 2210 sceleratam
933 2175 1045 2210 eam
1079 2157 1258 2210 libidi-

231 2253 358 2288 nem
376 2238 632 2308 appellet,
645 2255 748 2308 qua
767 2255 820 2288 se
835 2237 1026 2289 mitiori
1043 2237 1258 2309 copulet

231 2315 394 2368 arbor
423 2317 692 2369 silvestris.
721 2315 900 2370 Hann.
943 2357 951 2364 .

315 2399 370 2448 8.
399 2397 621 2466 Rela'quoe
657 2407 824 2447 teretes
849 2407 994 2467 atque
1017 2413 1257 2465 procerae,

231 2475 392 2525 demis
414 2476 733 2546 gradatisque
759 2477 982 2526 corticum
1001 2475 1257 2545 poma-ibus

231 2555 528 2606 maioribus·
552 2556 730 2620 faciles
759 2575 810 2606 se
835 2555 904 2605 uel
938 2555 1256 2606 scandendum

239 2633 458 2686 (Mentis
479 2635 676 2705 populis
703 2635 944 2705 proebent,
977 2645 1079 2686 etc.
1117 2633 1254 2686 Ptin.

229 2713 430 2780 pameas
472 2718 712 2765 auctiores
747 2727 927 2780 vocat,
967 2725 1257 2784 amputato·

235 2811 356 2844 rum
381 2794 466 2844 vel
493 2790 850 2845 decidentium
880 2811 1149 2846 ramorum
1171 2811 1258 2844 re·

235 2871 425 2942 liquias
481 2873 776 2925 eminentes
833 2886 884 2925 et
943 2891 1004 2925 ex
1061 2874 1257 2926 cortice

239 2953 674 3020 protuberantes,
713 2965 772 3003 ut
811 2953 985 3022 pollex
1026 2965 1257 3005 exsertus

237 3047 300 3081 ex
323 3049 506 3084 manns.
527 3027 592 3082 Id
615 3031 801 3102 gallice
821 3029 1046 3083 dicimus
1063 3032 1256 3084 chicots.

243 3107 396 3163 Hune
417 3111 580 3163 Plinii
601 3111 778 3163 locum
797 3129 920 3163 sane
934 3111 1256 3164 salebrosum

241 3200 294 3239 et
317 3187 636 3244 mendosum
663 3191 732 3242 ita
773 3188 970 3243 debere
995 3191 1096 3260 legi
1129 3207 1258 3242 con-

245 3267 408 3322 tendit
433 3269 746 3333 Salmasins,
793 3295 816 3316 ι
837 3269 1018 3322 utilem
1050 3269 1150 3322 sibi
1173 3287 1258 3321 ar-

247 3347 462 3419 borique
495 3349 733 3402 inductis
763 3347 1037 3402 circulum.
1067 3375 1089 3396 ι
1125 3349 1260 3414 Qun

247 3427 388 3480 lertio
419 3429 556 3481 mihi
587 3427 805 3481 videtur
841 3427 1040 3500 aliquid
1065 3429 1260 3481 habere

248 3506 602 3573 absurditatis,
656 3525 758 3579 qus
831 3509 970 3560 enim
1035 3507 1262 3561 utilitate

247 3585 374 3641 affici
425 3599 605 3659 potest
652 3587 812 3639 arbor
867 3587 958 3639 tali
1012 3587 1213 3644 circulo
1237 3581 1262 3635 ?

247 3665 346 3734 Ego
395 3667 560 3739 igitur
617 3665 836 3740 pridem
901 3667 958 3718 in
1023 3667 1260 3737 margine

245 3749 392 3800 nostri
413 3749 574 3802 minii
603 3745 808 3800 codicis
830 3742 1228 3800 emendaveram
1243 3785 1260 3812 ,

247 3853 266 3870 ·
293 3829 486 3881 vitilem
543 3828 650 3882 sibi
711 3825 996 3897 arborique
1065 3823 1264 3878 indutis

237 3909 484 3962 circulum
509 3951 524 3971 ‚
559 3933 584 3956 a
635 3919 692 3960 et
723 3905 792 3969 ita
824 3923 1133 3958 censueram
1163 3903 1264 3976 legi

231 3987 446 4054 debere,
489 3993 690 4042 doctus
738 4005 768 4040 a
820 3983 1051 4055 quodam
1095 3983 1264 4037 nobili

1343 1285 1609 1339 navarcho
1665 1283 1733 1337 de
1790 1283 1960 1337 modo
2024 1303 2132 1356 qno
2188 1281 2374 1338 incolae

1343 1367 1633 1438 palmiferae
1662 1365 1893 1436 regionis
1926 1365 1981 1415 in
2016 1365 2200 1417 Africa
2240 1365 2371 1418 eele-

1345 1447 1476 1498 riter
1528 1463 1651 1497 cum
1716 1461 1813 1497 suo
1865 1442 2064 1498 circulo
2112 1441 2373 1496 scandunt

1345 1525 1571 1576 excelsas
1590 1524 1884 1592 palmarum
1906 1524 2149 1574 arbores:
2176 1523 2374 1577 scilicet

1343 1601 1579 1655 induunt
1614 1621 1669 1655 se
1716 1619 1819 1655 una
1868 1621 1988 1654 cum
2032 1603 2222 1654 arbore
2261 1603 2373 1673 ipsa

1343 1681 1549 1734 circulo
1574 1699 1604 1734 e
1633 1682 1770 1734 vitili
1798 1681 1945 1752 ligno
1972 1681 2112 1734 facto
2132 1719 2147 1746 ,
2186 1693 2237 1734 et
2276 1699 2373 1752 pe·

1344 1760 1503 1814 dibus
1528 1761 1581 1812 in
1612 1761 1815 1812 arboris
1842 1759 2127 1830 pollicibus
2150 1759 2255 1813 illis
2287 1761 2371 1813 ni-

1346 1853 1550 1905 tentes,
1589 1853 1641 1892 et
1688 1840 1882 1892 lumbis
1922 1839 2123 1892 circulo
2166 1839 2370 1903 innixi,

1345 1919 1591 1972 manibus
1636 1937 1765 1971 vero
1814 1920 2065 1971 ambabus
2114 1919 2369 1975 circulum

1343 1997 1603 2070 gradatim
1620 2039 1635 2063 ,
1662 2011 1715 2051 et
1740 1997 2367 2061 subsultim-attollentes,

1345 2075 1619 2132 celerrime
1662 2095 1830 2148 usque
1874 2076 1939 2130 ad
1979 2077 2183 2129 arboris
2225 2095 2369 2130 sum-

1345 2177 1519 2222 mum,
1560 2157 1651 2208 ubi
1704 2170 1827 2209 sunt
1871 2157 2005 2209 rami
2037 2170 2089 2209 et
2126 2153 2330 2210 fructus
2355 2195 2371 2221 ‚

1343 2235 1635 2302 scandunt3
1656 2235 1711 2289 id
1745 2255 1883 2308 saepe
1907 2237 2180 2299 facientes,
2208 2249 2269 2290 ut
2294 2237 2370 2288 la·

1343 2335 1502 2386 genas
1553 2335 1671 2368 suas
1720 2316 1880 2369 ramis
1926 2316 2137 2368 succisis
2178 2333 2373 2388 appen-

1341 2395 1500 2458 dant,
1541 2397 1627 2448 vel
1660 2415 1745 2450 eas
1785 2399 1970 2468 plenas
2008 2395 2133 2446 vino
2162 2395 2369 2466 palmeo

1341 2487 1637 2547 reportent.
1687 2475 1939 2528 Pinum.
1979 2475 2261 2528 Exercitat.
2302 2471 2371 2526 ad

1341 2555 1569 2608 Luciani
1590 2567 1724 2607 tom.
1746 2555 1856 2618 111,
1878 2571 1995 2624 pag.
2025 2551 2155 2622 573.

1429 2655 1480 2704 9.
1502 2633 1844 2704 Gradatisque.
1856 2630 2133 2685 Gradntim
2154 2629 2371 2684 adscen-

1342 2713 1627 2767 dentibus:
1672 2709 1860 2764 iisdem
1917 2709 2076 2762 simul
2126 2711 2371 2762 arborem

1343 2789 1917 2846 circumambientibus.
1932 2783 1939 2796 ⁸
1956 2787 2180 2842 Pollices
2218 2801 2373 2842 vocat

1343 2873 1559 2926 crebros
1592 2871 1762 2924 veluti
1801 2885 2003 2942 ungues
2048 2877 2373 2939 squamata,

1343 2951 1434 3024 qui
1466 2969 1562 3024 per
1587 2951 1836 3004 corticem
1858 2947 2089 3003 caudicis
2109 2945 2369 3019 gradatim

1342 3029 1717 3102 disponuntur.
1751 3027 1891 3081 Vide
1932 3029 2120 3099 palmae
2162 3027 2369 3080 iconem

1343 3109 1489 3180 apud
1500 3109 1779 3162 Lobelium
1798 3149 1813 3172 ‚
1840 3127 1961 3180 pag.
1984 3107 2116 3178 637,
2148 3117 2201 3160 et
2222 3106 2368 3178 apud

1344 3187 1557 3243 Dodon.
1576 3207 1698 3260 pag.
1722 3192 1850 3258 807.
1872 3187 2051 3240 Hmn.

1432 3287 1516 3322 το.
1536 3269 1592 3320 V
1588 3269 1752 3321 intem.
1769 3265 2009 3320 Induunt
2028 3284 2156 3332 sese,
2177 3265 2369 3338 inquit.

1345 3347 1583 3402 Orientis
1605 3347 1822 3419 populi,
1854 3365 1961 3400 nna
1989 3363 2109 3399 cum
2140 3347 2249 3418 ipsa
2278 3365 2367 3400 ar·

1345 3431 1508 3493 bore,
1555 3427 1813 3480 circulum
1858 3425 2196 3478 vimineum:
2254 3439 2369 3480 tum

1345 3505 1483 3580 pede
1508 3507 1752 3560 nituntur
1772 3507 1827 3557 in
1845 3505 2094 3558 arborum
2118 3503 2369 3574 pollices,

1345 3585 1414 3639 de
1468 3587 1685 3658 quibus
1716 3585 1959 3656 proxime
2006 3583 2209 3637 dictum
2255 3599 2367 3640 est:

1347 3667 1591 3720 manibus
1638 3665 1931 3724 circulum,
1976 3665 2061 3717 cui
2112 3663 2373 3730 insident,

1348 3744 1608 3816 gradatim
1650 3765 1709 3798 ac
1752 3744 2030 3798 subsultim
2079 3743 2361 3797 attollunt:

1349 3825 1423 3878 sic
1450 3843 1617 3897 usque
1651 3821 1715 3878 ad
1750 3836 1955 3896 partem
1992 3839 2107 3874 eam
2140 3823 2372 3884 arboris,

1349 3907 1441 3959 nbi
1488 3917 1611 3958 sunt
1655 3904 1791 3956 rami
1832 3904 2171 3973 fructusque,
2216 3901 2373 3953 celer-

1349 3985 1487 4038 rime
1512 3981 2061 4039 scandunt.—Faeiles
2077 4019 2091 4043 ,
2111 3992 2211 4032 etc.
2236 3979 2374 4033 Mira
