2850 4684
1042 320 1367 391 LIBER
1419 323 1638 391 xm.
1702 327 1709 335 ·
2250 313 2407 404 ,αι’

289 449 589 519 lusti-ium
638 473 904 543 genere.
964 452 1450 523 Recedentibus
1463 452 1510 491 '⁹
1559 456 1737 524 enim
1783 459 1968 551 aquis
2023 460 2158 531 Nili
2197 466 2400 559 riguis

282 557 587 650 provenit
638 554 871 624 similis
912 555 1078 627 fabae
1102 558 1152 585 ²⁰
1181 556 1369 628 caule
1382 612 1403 645 ‚
1448 558 1748 654 foliisque
1784 561 1986 631 densa
2001 564 2048 592 ²¹
2094 574 2398 665 congerie

282 664 569 757 stipatis,
594 661 1013 731 brevioribus
1041 678 1299 733 tantum
1314 717 1332 750 ‚
1357 664 1974 761 gracilioribusque:
2007 674 2116 740 cui
2145 674 2397 748 fructus

280 768 343 835 in
366 770 587 861 mpite
622 770 939 863 papaveri
973 768 1199 838 similis
1241 770 1541 840 incisuris
1555 772 1627 858 ³²,
1654 774 1966 867 omnique
1991 774 2120 846 alio
2155 783 2390 853 modo:

280 874 449 942 intus
479 898 723 967 grana,
746 898 869 943 ceu
916 874 1185 943 milium.
1231 874 1474 945 Incolae
1508 879 1726 971 capita
1762 881 1830 947 in
1867 883 2121 953 acervis
2157 902 2386 980 putre-

280 977 529 1049 faciunt
580 1005 599 1045 ε
654 1005 812 1049 mox
864 994 1169 1074 separant
1230 979 1512 1051 lavando
1533 1033 1552 1065 ‚
1615 998 1684 1053 et
1730 978 2031 1056 siccata²³
2061 992 2350 1063 tundunt
2373 1047 2392 1079 ,

278 1108 485 1179 eoque
514 1107 689 1178 pane
724 1099 1021 1169 utuntur.
1062 1087 1310 1155 Mirum
1352 1103 1482 1174 est,
1531 1089 1710 1182 quod
1744 1107 1984 1185 praeter
2017 1095 2160 1166 haec
2200 1100 2398 1169 tradi-

276 1204 423 1258 tur:
456 1180 665 1258 sole²⁴
696 1190 1037 1260 occidente
1074 1215 1406 1286 papavera
1440 1217 1518 1262 ea
1546 1198 1928 1290 comprimi,
1954 1215 2021 1270 et
2055 1202 2262 1298 integi
2287 1205 2396 1275 fo·-

276 1293 373 1365 liis
401 1314 420 1355 τ
450 1295 537 1363 ad
566 1310 789 1365 ortum
816 1312 1033 1365 autem
1066 1299 1305 1391 aperiri
1326 1352 1347 1385 ‚
1375 1298 1589 1369 donec
1615 1316 2096 1392 maturescant,
2147 1310 2398 1405 flosque

276 1401 383 1495 qui
420 1416 525 1470 est
554 1401 875 1471 candidus
898 1456 916 1489 ‚
968 1401 1244 1471 decidat.
1276 1395 1550 1493 (xvnI.)
1592 1408 1738 1476 Hoc
1767 1410 2049 1504 amplius
2073 1400 2124 1441 ²⁵
2152 1416 2220 1483 in
2251 1418 2390 1485 Eu-
2431 1432 2466 1488 4

274 1506 509 1600 phrate
540 1506 849 1595 tradunt,
883 1522 951 1577 et
975 1524 1176 1603 caput
1208 1512 1423 1604 ipsum
1461 1525 1530 1580 et
1555 1512 1786 1583 florem
1821 1540 2094 1611 vespera
2111 1505 2160 1544 ²⁶
2189 1525 2399 1617 mergi

176 1676 185 1679 .
272 1664 559 1735 mythicam
603 1663 1028 1734 frequentjffiime
1078 1664 1291 1718 habent.
1380 1666 1609 1736 δμφιρῆς.
1654 1668 1815 1733 Quod
1862 1668 1929 1723 de
1980 1672 2099 1727 fab·
2147 1680 2397 1749 AEgyptia

270 1740 361 1796 Fat
386 1761 449 1797 eu
478 1742 789 1796 Nelumbium
808 1748 1062 1813 speciosum
1092 1741 1289 1797 Willd.

272 1820 363 1874 siv.
400 1821 619 1895 Cyamus
636 1822 825 1875 smith.
858 1824 1013 1875 Sacra
1032 1822 1293 1893 AEgyptiis

268 1900 472 1971 planta,
529 1899 680 1973 quod
720 1900 1094 1974 elegantissima
1134 1902 1289 1955 folio‘·

268 1999 385 2032 rum
407 1978 773 2033 rotundorum
809 1981 976 2033 forma
992 2019 1010 2045 ‚
1038 1980 1288 2053 pulcher·

264 2060 433 2113 ximus
458 2058 563 2112 flos
587 2072 641 2113 et
664 2060 919 2132 mysticus
943 2072 1089 2113 ortus
1111 2060 1288 2131 quoti·

265 2137 455 2192 dianus
496 2158 529 2191 a
584 2138 697 2191 Nili
735 2138 894 2192 undis
938 2137 1006 2193 ad
1052 2138 1289 2193 divinam

268 2231 517 2273 naturam
578 2229 819 2288 spectare
862 2218 1147 2272 videretur.
1196 2219 1292 2271 Isis

264 2298 375 2369 ipsa
400 2298 503 2350 loti
524 2297 667 2351 foliis
691 2311 941 2353 coronata
961 2296 1287 2369 conspicitur
1316 2354 1321 2357 ,

264 2370 547 2444 (Pocock‘s
576 2378 795 2443 nehel,
837 2390 871 2431 t.
916 2382 1017 2444 60,
1061 2374 1192 2439 61).
1238 2378 1283 2430 E

260 2456 376 2511 loto
399 2456 571 2510 Osiris
588 2469 734 2509 ortus
755 2476 772 2522 ς
806 2456 862 2510 in
885 2457 1025 2510 foliis
1049 2457 1145 2511 loti
1168 2468 1284 2509 tan-

264 2555 431 2608 quam
454 2536 511 2589 in
526 2536 752 2607 navigiis
776 2550 957 2590 natare
978 2536 1054 2589 dii
1086 2546 1285 2589 veteres

264 2614 600 2668 dicebantur.
634 2616 982 2687 Harpocraten
1012 2616 1125 2669 loto
1155 2615 1284 2667 insi·

268 2692 465 2747 debat:
492 2694 550 2747 in
580 2696 710 2767 ipsis
734 2696 1141 2748 numismatibus
1156 2694 1283 2747 Pto-

264 2774 573 2828 lemaeorum
596 2792 657 2827 ea
686 2775 863 2845 planta
884 2774 1135 2827 occurrit.
1155 2774 1285 2826 Fru-

266 2866 387 2907 ctus
428 2848 652 2925 (κὺαμος
673 2843 968 2925 αἰγῦπτιος)
996 2852 1250 2907 edebatur
1266 2891 1283 2917 ,

262 2932 358 2986 sed
389 2930 775 2998 sacerdotibus,
816 2946 869 2986 et
920 2932 1284 3005 Pythagoricis

264 3031 452 3065 eorum
507 3013 711 3065 amalis
738 3051 753 3077 ,
797 3010 1174 3077 interdictum,
1213 3030 1283 3065 ne

260 3092 399 3145 fabis
416 3090 503 3145 bis
523 3102 873 3145 vescerentur.
911 3092 1072 3145 Conf.
1109 3091 1281 3144 Cicer.

262 3170 503 3224 Divinat.
527 3171 583 3237 1,
612 3168 709 3238 303
731 3171 921 3225 Smith.
940 3170 1144 3224 Exotic.
1169 3172 1279 3223 bot.

262 3240 415 3321 n⁰7,
445 3249 555 3303 tab.
586 3250 651 3303 31
676 3286 693 3314 ‚
739 3252 832 3303 32.
866 3252 1178 3304 Sumam..

348 3347 433 3397 19.
460 3329 817 3383 medentibus.
838 3330 919 3385 Ita
948 3331 1106 3383 etiam
1128 3326 1279 3381 MSS.

260 3408 538 3482 Theophr.
561 3408 678 3461 ὅταν
705 3410 737 3466 ἦ
772 3408 911 3478 χώρα.
942 3412 1277 3477 κατακλυσθῇ,

262 3508 401 3561 quun
444 3508 563 3541 rum
592 3488 901 3540 inundantur.
931 3488 1113 3553 Quare
1144 3488 1281 3540 forte

258 3570 480 3635 rectius,
512 3567 855 3633 residentibus,
884 3568 941 3621 h.
968 3586 1015 3620 e.
1046 3570 1281 3637 stagnan-

256 3647 397 3703 tibus
418 3688 438 3715 ,
496 3648 709 3719 legeris.
781 3646 1081 3700 callixenus
1137 3645 1279 3718 apud

258 3728 453 3782 Athen.
508 3727 606 3780 lib.
660 3726 798 3789 XV,
849 3744 966 3797 pag.
1020 3730 1164 3797 677,
1228 3728 1275 3778 ἂν

250 3808 477 3879 listune,
512 3807 571 3859 in
604 3803 909 3877 paludibus.
936 3806 1117 3859 llum.

330 3908 419 3941 πο.
460 3884 653 3939 Sinnius
686 3884 846 3952 faboe.
896 3882 1189 3937 Dioscorid.
1228 3895 1282 3937 et

246 3964 529 4039 Theophr.
560 3965 744 4025 καυλός
770 3965 843 4023 lez
878 3970 949 4033 τῷ
982 3969 1065 4018 τοῦ
1094 3966 1281 4033 κυάμου

1379 1744 1692 1799 intellexisse
1721 1748 1995 1821 Theophr.
2025 1752 2254 1809 videtur.
2285 1758 2354 1812 Η.

1463 1842 1491 1875 2
1509 1842 1530 1875 ι
1543 1864 1557 1876 .
1585 1824 1753 1879 Densa
1778 1832 2012 1898 congerie.
2043 1832 2393 1906 Theophrast-

1377 1903 1414 1955 1.
1435 1924 1481 1957 c.
1504 1904 1668 1956 caulis
1691 1906 1814 1959 folia
1841 1926 1962 1960 cum
1985 1913 2245 1983 AEgyptiae
2263 1916 2396 1971 fabae

1377 1981 1519 2034 foliis
1544 1983 1781 2037 confert:
1819 1984 1914 2038 sed
1947 1990 2152 2044 minora
2183 1995 2259 2048 ait
2287 2015 2394 2051 esse

1376 2073 1428 2113 et
1451 2062 1760 2133 graciliora:
1801 2062 1949 2119 floris
1971 2086 2097 2121 vero
2118 2072 2296 2126 foliola
2323 2089 2395 2131 te·

1374 2142 1583 2195 nuitate
1599 2143 1842 2213 proxima
1856 2163 1967 2199 esse
1983 2148 2215 2217 liliaceis,
2228 2156 2394 2209 multu

1376 2217 1641 2292 densaque
1672 2222 1858 2295 stipata
1889 2230 2149 2299 congerie.
2183 2232 2395 2287 Utram-

1372 2317 1480 2369 que
1508 2299 1686 2353 dotem
1727 2303 1896 2356 caulis
1932 2308 2089 2361 unius
2135 2309 2277 2364 foliis
2315 2327 2392 2366 te-

1372 2397 1516 2433 mere
1543 2382 1824 2434 contulisse
1843 2382 2044 2439 Plinius
2072 2386 2298 2445 videtur.
2323 2392 2390 2446 H.

1456 2478 1543 2511 sa.
1569 2458 1751 2512 Similis
1765 2464 2004 2529 incisuris,
2021 2476 2118 2519 etc.
2145 2468 2389 2541 Theoph.

1368 2536 1588 2591 ibidem.
1614 2540 1749 2592 Du..
1769 2570 1846 2581 ——
1863 2542 2000 2593 Imus
2013 2563 2191 2613 grana.
2211 2548 2390 2603 Diosc.

1372 2617 1714 2690 et'Theophr.
1741 2618 1796 2670 ll.
1827 2636 1904 2671 cc.
1933 2621 2114 2676 Hsnn.

1458 2696 1548 2750 ²3.
1581 2696 1654 2748 Et
1676 2700 1872 2749 siccata.
1904 2696 2088 2768 Capita
2120 2703 2391 2774 nimirum,

1368 2775 1454 2826 vel
1502 2793 1662 2847 grana
1707 2776 1880 2847 potius
1897 2815 1912 2841 ,
1961 2796 2080 2849 quae
2132 2781 2391 2851 capitibus

1368 2854 1740 2919 continentur,
1765 2854 2042 2926 Theophr.
2071 2872 2124 2912 et
2151 2860 2388 2918 Dioscor.

1368 2933 1506 2985 Item
1527 2931 1688 2986 Diod.
1710 2934 1811 2988 Sic.
1837 2935 1974 2989 Bibl.
2002 2937 2097 2992 lib.
2125 2940 2180 3006 1,
2206 2959 2265 3011 p.
2293 2940 2384 3009 30,

1368 3023 1424 3065 et
1445 3012 1537 3066 lib.
1563 3012 1754 3082 xx11,
1775 3032 1892 3086 cap.
1921 3017 2009 3070 28.
2051 3018 2231 3089 Hsnu.

1456 3097 1545 3155 ²4·
1587 3090 1733 3157 Sole,
1787 3106 1887 3148 etc.
1944 3095 2290 3170 Theophrast.
2334 3114 2390 3154 et

1369 3170 1609 3223 Dioscor.
1630 3171 1688 3224 ll.
1723 3190 1803 3225 ec.
1835 3172 2018 3229 llum.
2045 3202 2125 3212 —
2153 3180 2240 3231 Ea
2259 3200 2388 3231 com-

1362 3252 1526 3321 primi.
1562 3250 1743 3305 Flores
1795 3256 2079 3326 comprimi
2125 3270 2177 3310 et
2218 3260 2388 3329 capita

1369 3330 1822 3399 contegere-Vide
1846 3332 1936 3385 lib.
1961 3334 2140 3402 XXII,
2157 3356 2272 3409 cap.
2294 3358 2320 3389 2
2335 3358 2386 3403 1,

1369 3407 1508 3461 iufra
1551 3410 1745 3481 scripta
1792 3411 1958 3465 multa
1999 3412 2066 3466 de
2109 3415 2209 3469 hac
2252 3417 2386 3470 loto.

1455 3486 1544 3541 25.
1570 3489 1682 3540 Hoc
1710 3491 1930 3561 amplius.
1971 3494 2194 3566 Reliqua
2233 3494 2385 3549 dein·

1367 3584 1491 3637 ceps
1538 3584 1657 3637 qno
1706 3568 1810 3621 boc
1859 3570 2028 3641 capite
2081 3586 2385 3640 narrantur,

1364 3657 1574 3700 exstant
1592 3644 1736 3719 apud
1749 3648 2099 3721 Theophrast.
2117 3652 2250 3708 Hist.
2278 3655 2385 3719 lv,

1374 3743 1473 3791 ιο,
1496 3738 1550 3777 et
1581 3722 1649 3778 de
1687 3726 1901 3793 Causis,
1929 3730 2008 3793 11,
2031 3750 2122 3795 πο,
2152 3753 2208 3803 p.
2244 3736 2386 3797 262,
2503 3798 2506 3801 ⁴

1366 3801 1512 3858 unde
1533 3806 1835 3877 AEgyptiam
1851 3806 2001 3861 loton
2019 3810 2256 3863 eamdem
2277 3829 2385 3864 esse

1368 3902 1492 3937 cum
1517 3884 1839 3956 Euphratica
1867 3886 2094 3958 colliges.
2120 3890 2302 3955 Ημιυ.

1455 3968 1545 4016 26.
1576 3964 1740 4033 Caput
1758 3965 1984 4033 etflorem
2001 3985 2198 4036 vespera
2216 3970 2386 4037 mer-51⁰,
