2850 4684
512 382 656 477 198

1026 385 1103 453 C.
1157 384 1500 455 PLINII
1553 382 1768 451 NAT.
1823 383 2082 451 HIST.

496 538 536 581 a
578 512 855 607 conjuge
884 513 1041 605 ejus.
1082 514 1185 582 Ita
1227 512 1566 583 descendit
1592 512 1958 583 hieratica
1939 538 2008 581 ιιι
2045 515 2312 583 tertium
2345 538 2634 585 nomen.

493 619 875 687 Proximum
928 604 1532 712 amphitheatricae⁶
1577 618 1803 688 datum
1860 618 2077 687 fuerat
2124 641 2162 686 a
2213 618 2634 690 confecturae

426 723 663 793 loco.
702 724 981 842 Excepit
1009 724 1180 794 hanc
1215 728 1446 795 Romae
1477 716 1708 793 Fannii
1749 723 1982 818 sagax⁷
2033 723 2338 809 officina,
2381 718 2629 795 tenua-

493 844 758 923 tamque
787 830 1043 899 curiosa
1065 829 1572 924 interpolatione
1600 814 2062 925 principalem⁸
2082 829 2238 899 fecit
2265 856 2300 901 e
2322 829 2630 959 plebeia,

494 948 561 1003 et
594 933 879 1002 nomen⁹
914 936 974 1003 ei
1008 934 1208 1004 dedit.
1251 937 1419 1025 Quae
1459 961 1595 1005 non
1632 950 1800 1004 esset
1833 935 1922 1003 ita
1958 950 2302 1019 recurata,
2324 934 2424 1004 in¹
2489 961 2630 1005 suo

424 1068 453 1103 2
494 1042 732 1109 mansit
756 1040 1321 1135 amphitheatrica.
1364 1045 1520 1111 Post
1552 1042 1726 1110 hanc
1761 1041 2032 1123 Saitica,
2067 1041 2152 1108 ab
2184 1041 2464 1161 oppido,
2495 1042 2628 1111 uhi

491 1146 778 1214 maxima
838 1143 1171 1234 fertilitas,
1224 1172 1305 1215 ex
1359 1145 1760 1217 vilioribus¹¹⁸
1803 1148 2166 1215 ramentis:
2211 1148 2631 1241 propiorque

491 1252 855 1321 etiamnum
884 1254 1115 1321 cortici
1142 1251 1570 1323 Leneotica¹²
1575 1303 1593 1338 ,
1625 1276 1664 1321 a
1687 1252 1906 1320 vicino
1939 1250 2086 1321 loco
2103 1252 2495 1382 ,pondere
2469 1277 2626 1345 Jam

488 1354 671 1439 haic,
724 1381 862 1425 non
914 1356 1236 1445 bonitate,
1298 1358 1568 1427 venalis.
1628 1358 1804 1427 Nam
1853 1356 2306 1495 emporetica:⁴
2293 1344 2626 1427 3inutilis

486 1460 875 1545 scribendo,
913 1462 1266 1535 involucris
1298 1464 1711 1551 chartarum,
1717 1452 2306 1561 segestriumque¹⁴
2309 1465 2402 1531 in
2435 1489 2622 1533 mer-

566 1730 619 1778 6.
648 1724 1087 1795 Amplu'tloeatricoe.
1115 1726 1197 1779 Ita
1228 1725 1352 1779 libri
1382 1744 1498 1778 om·

483 1822 593 1858 nea.
621 1804 689 1857 Et
718 1804 875 1857 fuisse
902 1824 1023 1861 sane
1055 1798 1498 1875 amphitheatrum

485 1881 833 1949 Alexandriae,
855 1896 964 1937 tota
985 1883 1182 1937 divitiis
1204 1882 1500 1949 diffluente,

484 1961 650 2015 simile
672 1964 784 2015 veri
810 1975 903 2017 est.
934 1963 1145 2016 Frustra
1172 1962 1498 2016 Guillandin.

484 2042 803 2093 artlztihita'eoe·
817 2061 1075 2113 reponere
1103 2042 1306 2094 nititur.
1318 2040 1502 2095 Hanu.

566 2138 621 2189 7.
680 2121 863 2173 Fannia·
909 2141 1065 2191 saga-t
1107 2119 1315 2189 officina.
1366 2120 1503 2171 Rho-

482 2199 693 2253 muium
736 2198 996 2251 Fannium
1039 2199 1388 2252 Palaemonem
1441 2199 1504 2251 si-

482 2277 723 2353 guificat,
753 2278 874 2349 qui,
905 2292 965 2332 ut
985 2280 1057 2331 ait
1081 2278 1419 2349 Tranquillus
1443 2279 1500 2330 in

482 2356 855 2411 Grammaticis
902 2356 1222 2422 illustribus,
1263 2356 1504 2411 officinas

480 2436 886 2509 promercalium
896 2438 1191 2491 chartarum
1212 2448 1265 2489 et
1282 2438 1504 2490 vestium

484 2515 749 2580 exercuit,
776 2534 934 2569 verna
958 2516 1223 2581 mulieris,
1266 2514 1359 2569 sed
1388 2534 1502 2568 ma-

481 2594 777 2655 numissus,
828 2597 1125 2667 principem
1149 2596 1325 2649 locum
1362 2596 1503 2648 inter

368 2676 379 2693 “
482 2672 833 2746 grammatica
861 2674 1101 2729 doctores
1121 2675 1368 2745 adeptus,
1408 2672 1502 2727 aed

364 2810 368 2815 ,
480 2750 707 2805 libidine
732 2766 783 2809 et
810 2754 952 2807 vitiis
982 2754 1227 2807 omnibus
1264 2766 1371 2805 tam
1415 2752 1501 2805 in-

482 2832 669 2895 famia,
698 2844 757 2884 ut
770 2834 1018 2885 Tiberius
1051 2845 1104 2884 et
1138 2829 1390 2887 Claudius
1414 2850 1504 2901 pa·

481 2910 585 2965 lam
611 2910 916 2965 dictitarent
942 2911 1143 2964 nemini
1176 2910 1351 2963 minus
1372 2928 1500 2979 pue·

482 3009 665 3046 rorum
708 3009 769 3043 ac
809 2992 1063 3061 juvenum
1115 2989 1502 3044 institutionem

482 3067 956 3123 commendandam
990 3088 1003 3120 :
1044 3070 1354 3140 arrogantia
1394 3081 1500 3123 tam

407 3182 419 3195 -
480 3149 775 3213 insolentia,
819 3160 881 3201 ut
930 3148 1228 3201 Varronem
1275 3166 1501 3239 porcum

482 3228 804 3299 appellaret,
834 3243 1014 3279 aecum
1054 3240 1197 3280 natas
1239 3239 1292 3279 et
1337 3226 1501 3280 mori·

484 3320 627 3359 turas
690 3306 892 3358 litteras
956 3306 1315 3376 gloriaretur:
1371 3306 1502 3378 quin

483 3385 642 3437 etiam
668 3384 899 3437 latrones
928 3384 1213 3455 aliquando
1245 3384 1347 3437 sibi
1382 3404 1504 3455 pro·

481 3476 599 3533 pter
640 3463 872 3516 nominis
906 3464 1261 3518 celebritatem
1311 3482 1501 3536 peper-

482 3542 611 3594 cisse
650 3560 665 3594 :
706 3561 903 3595 nomen
959 3557 1213 3616 praterea
1261 3562 1415 3595 suum
1471 3560 1502 3595 a

482 3620 709 3690 virgilio
756 3641 865 3675 non
910 3635 1106 3677 temere
1152 3623 1386 3694 positum
1444 3621 1500 3674 in

478 3700 767 3763 Bucolicis,
796 3700 887 3755 sed
932 3702 1273 3775 prasagiente
1313 3712 1523 3773 poeta„

480 3780 593 3831 sore
620 3798 675 3831 se
698 3778 982 3853 aliquando
1008 3782 1247 3834 omnium
1282 3796 1497 3849 poema-

480 3871 593 3911 tum
620 3858 874 3929 judicem.
901 3862 1036 3913 Dn..
1074 3892 1153 3903 —
1186 3858 1381 3911 Fannii.
1414 3859 1496 3911 De

478 3938 741 3991 Rlxemnio
759 3940 963 3993 Fannio
976 3940 1289 4001 Pammene,
1309 3938 1497 3991 Gram-

479 4019 670 4073 matico
696 4018 943 4073 Vicetino
972 4014 1037 4082 (is
1058 4020 1199 4073 enim
1226 4018 1332 4073 boc
1369 4017 1492 4071 loco

1583 1722 1947 1795 intelligitur),
1969 1724 2089 1777 vide
2103 1723 2502 1797 inscriptionem
2526 1745 2622 1779 ve·

1586 1817 1750 1857 terem
1786 1804 1841 1855 in
1872 1804 2267 1875 Orthograpbia
2300 1803 2448 1865 Aldi.
2489 1824 2622 1875 pag.

1587 1902 1734 1953 779,
1765 1894 1818 1935 et
1850 1881 2065 1935 Sueten.
2094 1884 2190 1935 lib.
2217 1882 2284 1934 de
2315 1884 2614 1937 illustribus

1584 1960 1823 2015 Gratum.
1849 1962 2032 2015 Ham).

1666 2042 1720 2095 8.
1749 2040 2084 2111 Principalem.
2113 2040 2342 2111 Dignam
2362 2041 2616 2113 principe

1583 2119 1720 2173 loco.
1752 2122 1934 2173 Ηιιιιι.

1668 2218 1722 2269 9.
1752 2200 1829 2251 Et
1852 2218 2032 2251 nomen.
2065 2198 2142 2251 Ut
2167 2198 2434 2251 Fanniam
2459 2198 2614 2252 dice

1584 2290 1750 2343 retur,
1771 2298 1886 2350 cap.
1907 2297 2015 2349 seq.
2045 2276 2226 2331 Haan.

1674 2376 1756 2410 ιο.
1801 2360 1862 2411 ln
1899 2378 2002 2409 suo.
2051 2358 2116 2409 In
2156 2374 2253 2410 suo
2295 2356 2511 2409 nomine
2561 2370 2620 2409 et

1588 2434 1794 2489 ordine.
1829 2438 2012 2489 Hui).

1673 2533 1760 2567 11.
1811 2516 1899 2567 Ex
1945 2514 2212 2567 vilioribus.
2261 2514 2340 2567 Ex
2382 2513 2620 2587 philyris

1585 2594 1890 2665 postremis}
1927 2596 2376 2666 propioribusque
2401 2593 2618 2647 cortici.

1585 2673 1668 2725 De
1695 2672 1884 2725 Saitica
1911 2674 2221 2745 praefectura
2249 2674 2388 2726 conf.
2413 2672 2512 2726 lib.
2533 2674 2617 2733 V,

1585 2769 1701 2823 cap.
1735 2771 1788 2821 9.
1814 2754 1998 2806 Haan.

1671 2848 1758 2883 ιι.
1798 2832 2066 2885 Leneotica.
2093 2832 2172 2885 Ita
2199 2830 2350 2884 MSS.
2375 2846 2566 2882 omnen
2588 2868 2606 2896 ,

1585 2908 1712 2981 neg.
1736 2910 1970 2964 Colbert.
1998 2912 2162 2967 Paris.
2188 2924 2288 2964 etc.
2311 2909 2457 2961 Libri
2485 2909 2607 2962 vnl-

1583 2990 1718 3059 gati,
1757 2990 2042 3043 Toem'oa'ca.
2074 2988 2306 3043 Isidorus
2321 3025 2337 3053 ‚
2379 2987 2616 3053 lih.V1,

1585 3087 1699 3141 cap.
1743 3086 1837 3135 ιο,
1868 3070 2206 3123 Teneoticam
2244 3068 2411 3139 legit:
2462 3068 2615 3120 ·Te-

1583 3148 1820 3211 neotica,
1846 3147 2035 3223 inquit,
2063 3170 2090 3203 a
2108 3149 2232 3201 loco
2252 3144 2616 3213 Alexandria,

1579 3226 1675 3299 qui
1703 3227 1776 3278 ita
1805 3242 2040 3292 vocatur,
2065 3227 2160 3282 ubi
2181 3226 2401 3279 fiebat.-
2429 3222 2495 3277 Η.

1671 3304 1758 3359 13.
1791 3306 2114 3385 Emporete'ca.
2142 3304 2380 3358 Isidorus
2417 3304 2522 3356 loc.
2555 3324 2606 3356 e.

1589 3370 1981 3453 «Emporetica,
2023 3386 2167 3457 quod
2206 3402 2268 3438 ea
2297 3400 2494 3435 merces
2519 3381 2612 3435 in·

1583 3464 1886 3529 volvuntur,
1917 3482 2081 3535 quum
2112 3468 2181 3521 sit
2205 3460 2484 3535 scripturis
2503 3462 2616 3515 mi·

1585 3560 1686 3594 nus
1713 3540 1975 3595 idonea.
2011 3537 2197 3595 Haau.

1669 3640 1690 3674 1
1703 3628 1754 3685 4.
1806 3620 2186 3692 Segesen‘umque
2236 3622 2288 3672 ἰη
2333 3618 2564 3671 mercibus
2587 3656 2606 3681 ,
2637 3662 2647 3671 .

1584 3712 1686 3754 etc.
1744 3700 1982 3767 Quidam
2051 3698 2234 3769 legunt
2292 3697 2614 3767 δίεμαι-ὑπ

1587 3780 1686 3833 ἀπὸ
1729 3784 1812 3833 τοῦ
1857 3782 2074 3851 στέγειν,
2107 3778 2428 3842 ammittat,
2457 3778 2616 3829 καλύ-

1581 3880 1740 3917 πτειν.
1765 3860 1997 3913 Varroni
2043 3870 2219 3911 tamen
2255 3856 2497 3927 Segestn'a
2530 3854 2616 3909 di-

1583 3950 1779 3991 cuntur
1805 3951 2083 3991 stramenta
2110 3956 2139 3989 e
2167 3946 2372 4007 segete,
2407 3934 2614 4007 quibua

1583 4018 1789 4072 lecticas
1815 4018 2184 4081 involvebant,
2219 4027 2278 4069 ut
2301 4014 2380 4069 ab
2398 4014 2574 4069 imbre
2591 4049 2609 4080 ,
