2850 4684
70 2 109 398 l

72 422 76 515 )
975 384 1290 451 LIBER
1343 384 1569 451 x111.
2120 464 2133 481 .
2188 384 2323 481 167

229 508 564 603 spadones,
607 511 736 605 qui
757 511 934 607 apud
967 538 1082 583 eos
1096 516 1299 583 etiam
1329 536 1711 609 regnavere.
1744 517 1995 585 Hortus
2014 514 2121 585 ille
2142 540 2333 588 num·

226 639 400 707 quam
445 616 576 685 nisi
627 616 1036 689 dominantis
1065 620 1132 688 in
1161 620 1312 690 aula
1349 621 1497 691 fuit.
1534 623 1625 691 At
1662 622 1733 689 in
1760 619 2329 693 meridiano-orbe
2366 636 2397 689 3

221 722 606 817 praecipuam
663 724 966 795 obtinent
1015 725 1424 797 nobilitatem
1478 726 1771 823 syagri-1⁷,
1827 728 2329 845 proximamque

219 829 626 921 margat-ides.
667 834 788 899 11ae
821 832 1058 901 breves
1071 884 1095 918 ,
1127 833 1463 919 candidae,
1498 833 1841 918 rotundae‚
1872 834 2099 921 aeiniS,
2128 859 2331 928 quam

215 931 480 1023 balanis,
499 936 881 1008 similiores.
911 939 1140 1029 Quare
1165 954 1234 1008 et
1257 964 1503 1011 nomen
1528 962 1568 1008 a
1590 940 1964 1070 margaritis
1990 962 2327 1035 accepere.

217 1041 350 1109 Una
387 1065 632 1112 earum
673 1044 929 1113 arbor
911 1070 982 1116 m
1021 1046 1248 1116 Chora
1293 1072 1435 1117 esse
1478 1032 1813 1116 traditur⁸
1842 1069 2035 1115 ·una
2076 1060 2145 1115 et
2184 1072 2331 1141 sya-

215 1168 488 1238 grornm.
515 1150 912 1245 Mil-umque
949 1151 1034 1221 de
1072 1176 1150 1223 ea
1190 1154 1598 1248 accepimus,
1630 1174 1785 1223 cum
1820 1150 2153 1248 phoenice⁹
2176 1176 2333 1243 ave,

213 1274 338 1343 qum
362 1268 648 1348 putatur
679 1282 758 1325 ex
788 1257 984 1352 hujus
1012 1257 1250 1352 palmae
1275 1254 1669 1355 argumento
1702 1284 1947 1329 nomen
1977 1260 2332 1354 accepisse,

211 1357 428 1429 iterum
473 1363 658 1431 mori
706 1387 785 1433 ac
831 1366 1082 1433 renasci
1125 1389 1205 1433 ex
1247 1367 1460 1462 seipsa
1511 1391 1528 1433 ε
1571 1379 1881 1463 eratque,
1934 1389 2138 1461 quum
2180 1365 2325 1435 haec

210 1464 540 1555 proderem
563 1522 586 1553 ‚
625 1466 880 1539 fertilis.
923 1473 1150 1565 Ipsum
1187 1496 1465 1565 pomum
1508 1470 1757 1567 grande
1785 1525 1807 1559 ,
1847 1470 2089 1539 durum
2108 1524 2129 1557 ,
2175 1468 2333 1544 hor·

211 1570 430 1659 ridum,
449 1588 521 1643 et
547 1598 591 1643 a
621 1577 880 1645 caeteris
906 1577 1256 1671 generibus
1280 1578 1531 1648 distans
1558 1600 1797 1670 sapore
1823 1576 2110 1660 ferino¹⁰,
2132 1602 2329 1671 quem

213 1673 394 1745 ferme
433 1680 504 1747 in
547 1683 738 1776 apris
781 1684 1132 1752 novimus:
1183 1684 1798 1777 evidentissimeque
1840 1707 2035 1752 causa
2072 1697 2173 1751 est
2210 1708 2329 1751 no·

209 1784 416 1855 minis·
458 1788 734 1876 Quarta
763 1786 807 1811 ¹¹
880 1791 1238 1861 auctoritas
1297 1788 1748 1874 sandalidum,
1786 1784 1871 1859 a.
1908 1788 2331 1859 similitudine

211 1888 699 1983 appellatarum.
747 1897 785 1962 J
789 1917 897 1962 am
938 1896 1008 1963 in
1045 1896 1396 1991 AEthiopiae
1432 1896 1565 1965 fine
1600 1897 1888 1989 quinque
1932 1904 2159 1963 earum
2206 1920 2329 1965 nec

209 1992 408 2083 plnres
440 1998 727 2069 arbores
773 2000 1086 2087 tradunt,
1146 2027 1284 2071 non
1323 2004 1591 2071 raritate
1637 2002 1846 2095 magis
1870 2054 1889 2087 ,
1940 2024 2141 2095 quam
2182 2024 2328 2069 sua·

209 2100 385 2171 vitante
435 2103 802 2175 mirabiles.
849 2107 954 2175 Ab
999 2108 1104 2177 his
1156 2105 1509 2203 earyotae¹²
1546 2109 1831 2177 maxime
1876 2103 2331 2195 celebrantur,
2366 2129 2399 2186 4

273 2340 317 2392 7.
342 2321 552 2395 &agri
580 2326 788 2396 Σῦαγροι
805 2363 820 2385 ,
858 2326 943 2377 vel
965 2326 1184 2396 συάγριοι
1201 2312 1228 2388 ,’
1307 2326 1579 2381 interdum
1596 2364 1613 2391 ,
1634 2338 1695 2377 ut
1715 2344 1778 2378 ex
1800 2326 1975 2397 palma
1998 2326 2189 2379 arhore
2204 2365 2219 2389 ,
2246 2344 2333 2380 ca-

206 2402 334 2469 quasi
359 2422 635 2477 apr-ugnas
655 2404 854 2457 dixeris
884 2422 898 2457 τ
931 2404 1077 2476 quod
1097 2404 1220 2457 feri·
1310 2404 1469 2459 dente
1495 2404 1706 2477 dactylo
1726 2443 1743 2471 ,
1783 2406 1868 2458 vel
1884 2406 2139 2475 palmula,
2170 2406 2334 2461 alteru

216 2498 328 2533 num
369 2502 622 2557 saporem
659 2484 956 2551 referrent,
1007 2496 1068 2535 ut
1099 2503 1222 2537 mox
1314 2486 1470 2549 arbos
1496 2485 1551 2537 iu
1583 2483 1877 2541 deficientis
1902 2484 2080 2537 locum
2106 2484 2334 2555 pullula·

218 2557 1224 2637 dicetur,qualeminaprisnovimus.11.
1319 2578 1416 2618 ret.
1459 2564 1593 2616 Inde
1656 2561 1724 2615 ed
1775 2564 2147 2635 cognominem
2183 2581 2333 2618 nvem

289 2644 336 2695 8.
369 2644 476 2696 Una
499 2664 670 2696 eurum
699 2642 844 2695 arbor
870 2646 919 2695 ἱιι
943 2642 1106 2695 Chora
1126 2664 1226 2695 esse
1315 2644 1562 2698 translata
1577 2642 1777 2709 fabula,
1803 2658 1968 2712 quam
1987 2659 2049 2694 ex
2063 2639 2231 2711 seipsa
2249 2662 2336 2696 re-

223 2720 422 2779 emaum.
447 2722 812 2777 Scrihendum
853 2740 1009 2789 reor,
1041 2749 1064 2770 ι
1101 2722 1226 2776 Una
1310 2723 1455 2778 nasei
1485 2720 1763 2782 dixerunt;
1802 2732 1862 2772 ut
1898 2736 2035 2790 saepe
2064 2738 2129 2772 ex
2169 2724 2336 2775 causis

221 2816 378 2853 arum
397 2804 566 2857 arbor
585 2803 643 2856 in
670 2803 902 2857 Charace
919 2800 1164 2855 traditur.
1193 2829 1216 2849 ι

224 2876 548 2936 Notis-imum
569 2896 648 2937 est
663 2880 924 2953 oppidum
945 2882 1150 2935 Charax
1167 2881 1226 2934 in

221 2956 388 3013 intimo
423 2980 646 3016 recessu
685 2960 830 3015 sinus
873 2961 1105 3025 Persici,
1158 2958 1226 3013 de

221 3054 314 3107 quo
355 3042 528 3094 multa
561 3042 619 3093 in
661 3055 828 3095 sexto.
871 3038 1028 3093 Purr.
1056 3074 1138 3084 -
1167 3040 1227 3091 In

225 3114 383 3173 Chora.
397 3122 463 3173 In
479 3135 640 3192 perte
660 3119 878 3193 AEgypti
893 3158 910 3185 ‚
925 3138 1044 3191 quae
1067 3119 1223 3191 Κόρα

223 3210 412 3253 vocatur
449 3198 814 3266 Alexandria,
845 3212 906 3251 ut
925 3197 1126 3252 dictum
1148 3209 1226 3253 est

221 3272 304 3330 lib.
325 3278 431 3345 VI,
463 3299 584 3352 cap.
621 3279 714 3349 39.
741 3280 823 3333 Eo
847 3280 1065 3332 nomine
1091 3278 1223 3333 etin

221 3352 328 3409 Not.
368 3359 630 3431 Imperii,
663 3378 780 3430 cup.
810 3354 915 3422 65,
956 3359 1104 3412 locus
1147 3370 1226 3411 est

221 3432 344 3490 haud
367 3442 560 3511 procul
586 3438 799 3492 Parisiis
824 3438 1024 3508 positus
1043 3477 1058 3503 ,
1091 3438 1226 3491 urbe

222 3512 492 3573 Galliarum
509 3559 524 3579 ,
545 3518 644 3572 sed
665 3520 758 3590 qui
781 3518 917 3571 nihil
943 3516 1072 3571 istuc
1097 3537 1220 3589 per·

221 3592 375 3650 finnt.
393 3596 584 3653 Haut).

285 3692 333 3743 9.
361 3678 484 3732 cm
521 3678 745 3749 plaoenice
779 3698 880 3729 ave.
925 3676 1222 3747 Imposuit,

217 3754 412 3823 opinor,
427 3758 746 3812 auctoribus
775 3756 963 3809 fabulae
983 3754 1051 3809 de
1074 3757 1224 3829 phoe-

215 3833 314 3886 nice
340 3854 432 3889 uve
461 3856 576 3891 vox
616 3835 858 3907 ambigue
889 3836 1061 3907 φοῖνιξ,
1104 3854 1223 3907 qua

217 3924 260 3963 et
284 3916 506 3984 palmam
539 3916 816 3981 arborem,
842 3928 894 3969 et
921 3915 1220 3988 phoenicem

217 4008 342 4047 avem
363 3996 656 4069 significat.
687 3993 797 4047 Soli
830 3994 1068 4049 fertilitas
1099 3994 1224 4049 fecit

1311 2802 1589 2856 levissimis
1654 2798 2021 2853 narrationum
2092 2812 2335 2869 portenta

1311 2892 1619 2937 nascuntur.
1646 2876 1824 2931 Hmn.

1399 2978 1485 3014 10.
1510 2958 1696 3031 Sapore
1695 2960 1876 3025 firino.
1894 2958 2037 3028 Lego
2055 2999 2070 3021 ‚
2094 2979 2115 3002 ι
2137 2957 2337 3027 Sapore

1311 3058 1473 3113 quem
1490 3040 1657 3093 ferme
1678 3040 1732 3092 in
1751 3038 1896 3110 apris
1914 3037 2185 3104 novimus,
2214 3056 2334 3110 quae

1312 3137 1467 3174 causa
1484 3118 1738 3180 nominis,
1762 3143 1784 3165 ι
1814 3136 1879 3171 ex
1902 3116 2207 3190 apographo
2231 3120 2336 3173 To·

1309 3200 1503 3253 letano.
1524 3199 1685 3251 Pur-r.

1399 3296 1420 3330 1
1440 3280 1489 3332 ι’.
1526 3280 1737 3349 Quarta.
1772 3276 1906 3331 Nam
1946 3276 2155 3348 primus
2187 3276 2335 3330 locus

1310 3358 1503 3429 regiis,
1551 3358 1751 3433 syagria
1790 3356 2053 3411 secundus
2072 3397 2090 3421 ‚
2147 3358 2334 3411 tertius

1310 3435 1695 3507 margar-idibus
1726 3434 1953 3489 debetur
1974 3478 1990 3500 ‚
2035 3449 2335 3508 postremus

1312 3514 1706 3581 undantibus,
1752 3518 1944 3590 quibus
1992 3528 2069 3569 est
2114 3534 2143 3568 a
2176 3517 2332 3568 soleae

1308 3594 1658 3649 similitudine
1702 3612 1897 3650 nomen
1917 3636 1933 3660 ,
1972 3613 2130 3668 quam
2160 3595 2335 3649 Graeci

1311 3672 1576 3729 σανδάλιον
1605 3688 1812 3729 vocant.
1829 3672 2013 3727 Hnm.

1400 3776 1487 3810 12.
1534 3756 1778 3829 Cotyotoe.
1819 3754 2077 3825 Καρυωτοῖ
2102 3754 2331 3824 φοίνικες,

1311 3836 1514 3889 Groecis
1538 3836 1839 3908 appellatae,
1855 3834 2005 3905 quasi
2038 3830 2226 3905 palm'ae
2238 3849 2335 3883 uu-

1310 3916 1474 3981 cale⁸‚
1512 3934 1603 3969 seu
1626 3914 1893 3969 nuciferae.
1921 3910 2333 3965 Ham—Mar-

1311 3995 1482 4060 tialis,
1531 3995 1622 4051 lib.
1680 3993 1818 4061 xm
1836 4030 1850 4051 ‚
1907 3992 2078 4063 epigr.
2138 4004 2291 4043 xxvn
2315 4006 2330 4040 π

1942 4084 2067 4168 11⁴
