2850 4684
990 301 1307 368 LIBER
1368 301 1578 367 XIV.

2197 298 2344 371 325

206 431 545 503 siccatis'7
588 433 815 500 acinos
854 434 1187 518 eximunt,
1221 455 1299 501 ac
1330 434 1470 502 sine
1501 418 1911 500 sarmentis⁸⁸
1949 433 2353 502 madefactos

210 541 375 608 vino
430 536 816 621 excellenti,

874 537 1089 607 donec
1143 539 1630 622 intumescant,
1689 553 2022 632 premunt.
2081 542 2168 608 Et
2219 541 2351 608 hoc

214 669 433 737 genus
474 659 631 712 aute
676 657 911 714 caetera
958 641 1266 731 laudant3
1310 667 1391 713 ac
1429 641 1622 724 simili
1654 642 1856 713 modo
1873 667 2062 762 'aqua
2102 644 2353 731 addita,

214 750 685 820 secundarium
728 749 996 820 faciunt.
1036 748 1333 828 Medium
1368 751 1544 818 inter
1576 748 1794 820 dulcia
1821 751 2179 844 vinumque
2221 766 2353 837 est,
2392 774 2422 826 3

216 856 397 950 quod
446 858 669 926 Graeci
714 853 1113 950 aigleucos²⁹

1168 869 1454 936 vocant,
1516 855 1646 924 hoc
1696 870 1837 942 est,
1891 879 2153 950 semper
2201 881 2353 925 mu-

220 977 418 1032 stum.
463 962 540 1032 Id
590 963 811 1032 evenit
849 986 1040 1047 cura,
1092 962 1403 1055 quoniam
1459 960 1716 1030 fervere
1776 961 2220 1055 prohibetur.
2263 965 2356 1032 sic

219 1066 561 1164 appellant
594 1069 793 1136 musti
825 1069 891 1135 in
926 1069 1087 1134 vina
1126 1069 1495 1136 transitum.
1532 1069 1714 1161 Ergo
1747 1083 2062 1162 mergunt
2088 1067 2150 1138 e²
2155 1067 2357 1137 ”lacu

220 1176 529 1268 protinus
577 1177 646 1244 in
699 1196 869 1268 aqua
910 1173 1147 1252 cados„
1187 1172 1401 1242 donec
1439 1172 1675 1242 bruma
1711 1188 2035 1260 transeat,
2081 1188 2147 1244 et
2188 1199 2356 1243 con-

222 1279 511 1350 suetudo
546 1279 666 1349 fiat
706 1278 990 1376 algendi.
1040 1281 1161 1347 Est
1202 1281 1564 1348 etiamnum
1614 1278 1788 1348 aliud
1827 1305 2036 1374 genus
2069 1281 2208 1374 ejus
2239 1304 2360 1375 per

218 1385 383 1473 se²¹‚
435 1386 617 1480 quod
661 1401 862 1454 vocat
914 1383 1109 1454 dulce
1152 1384 1605 1454 Narbonensis
1644 1387 2022 1480 provincia,
2067 1401 2136 1455 et
2173 1388 2238 1453 in
2281 1411 2358 1456 ea
2463 1441 2470 1456 .

220 1495 509 1562 maxime
538 1492 871 1562 Vocontii.
920 1495 1313 1560 Asservatur
1359 1493 1502 1586 ejus
1547 1493 1754 1585 gratia
1809 1515 1938 1560 uva
1990 1492 2235 1560 diutius
2289 1494 2353 1561 in
2393 1509 2425 1564 4

220 1599 397 1684 vite,
438 1596 745 1693 pediculo
778 1595 1063 1668 intorto²

1072 1595 1251 1665 &Ab
1296 1595 1490 1666 aliis
1473 1621 1611 1692 ipse
1646 1597 1894 1691 palmes
1935 1597 2304 1667 inciditur
2289 1625 2354 1666 m

220 1653 615 1789 medullam,
651 1704 736 1772 ab
770 1702 913 1772 aliis
952 1727 1077 1771 uva
1117 1717 1410 1772 torretur
1446 1704 1512 1771 in
1544 1702 1811 1798 tegulis.
1839 1707 2058 1772 omnia
2090 1729 2168 1774 ex
2197 1703 2352 1774 Hel·

222 1808 512 1940 venasca'
516 1795 735 1882 ³vite.
768 1811 889 1878 His
917 1795 1301 1927 adjiciunt²⁴

1334 1807 1566 1903 aliqui,
1599 1809 1778 1902 quod
1812 1825 2056 1879 vocant
2086 1811 2352 1904 diachy·

224 1900 403 1986 ton²⁵
410 1969 431 2003 ,
462 1917 607 1984 uvis
642 1917 709 1986 in
751 1913 889 1985 sole
932 1916 1224 1997 siccatis,
1264 1914 1411 1984 loc-o
1461 1915 1686 1983 clauso
1727 1939 1846 2009 per
1889 1915 2026 1984 dies
2068 1931 2354 2013 septem,

224 2023 293 2090 in
338 2023 674 2110 cratibus,
722 2020 994 2090 totidem
1036 2021 1237 2116 pedes
1279 2045 1317 2088 a
1362 2035 1538 2090 terra
1579 2019 1748 2106 alte,
1786 2021 2091 2092 noctibus
2125 2045 2163 2090 a
2204 2048 2354 2091 rore

225 2127 512 2200 defensis
533 2183 553 2216 ‚
587 2143 827 2200 octavo
854 2125 965 2198 die
993 2125 1293 2198 calcatis:
1336 2127 1423 2197 ita
1454 2125 1596 2200 fieri
1633 2128 1862 2221 optimi
1896 2127 2117 2200 odoris
2159 2151 2355 2223 sapo-

308 2337 396 2386 17.
436 2318 659 2372 Siccatis.
690 2319 824 2371 Uvis
857 2318 1109 2372 nimirum
1142 2318 1250 2370 sci-

224 2416 361 2462 uos,
392 2397 499 2450 hoc
527 2409 603 2450 est
621 2435 639 2462 ‚
684 2415 845 2468 grana
866 2397 1131 2452 eximunt.
1164 2415 1248 2450 re·

222 2477 371 2547 jectis
396 2477 701 2541 sarmentis,
725 2477 831 2530 boc
854 2490 963 2537 est,
990 2475 1249 2546 pediculis

226 2569 279 2610 et
296 2557 475 2629 ligno,
492 2557 577 2609 cui
592 2575 651 2610 es
672 2555 1056 2608 adhnrescuut.
1076 2555 1250 2609 Habet

226 2635 339 2690 hac
360 2635 545 2690 eudem
576 2637 689 2710 fere
715 2636 879 2706 Mago
911 2633 1057 2706 apud
1089 2633 1249 2688 Colu-

226 2717 351 2770 mel.
374 2716 473 2768 lib.
504 2716 639 2779 ΧΠ,
678 2734 797 2787 pag.
825 2717 918 2784 39.
944 2715 1127 2768 Eum.

312 2813 337 2848 ι
351 2798 405 2850 8.
448 2793 565 2847 Sine
608 2798 859 2848 sarmentis
922 2794 1215 2860 madefactos
1232 2833 1247 2856 ‚

224 2886 333 2927 etc.
372 2873 637 2928 Columel.
678 2874 775 2926 lib.
808 2873 948 2938 XII,
984 2891 1101 2944 cap.
1142 2873 1249 2940 393

226 2953 385 3018 Cato,
408 2971 523 3024 esp.
560 2952 662 3019 13,
700 2956 968 3023 seotpa'ones
1014 2962 1246 3004 vocant:

226 3034 438 3096 Varro,
489 3032 583 3086 lib.
622 3033 679 3097 1,
724 3050 841 3103 cap.
897 3032 1003 3096 54,
1046 3049 1248 3100 scopos,

226 3130 422 3182 nempe
444 3129 575 3166 uvas
604 3130 727 3165 cum
756 3111 1033 3164 acinorum
1072 3109 1247 3163 detra-

224 3205 441 3245 ctorum
460 3190 718 3262 pediculis
740 3191 971 3261 integras
984 3229 1001 3254 ,
1024 3209 1053 3243 s
1072 3207 1249 3260 scopa·

224 3289 351 3324 rum
374 3269 737 3324 similitudine.
768 3269 1045 3324 pediculos
1062 3269 1247 3322 acino·

224 3369 349 3403 rum
378 3349 435 3402 in
462 3367 562 3403 uva
591 3351 767 3403 Greci
786 3360 979 3403 vocant
996 3354 1247 3419 κρεμαςῆ-

224 3449 347 3498 ρας,
374 3429 581 3482 ficuum
626 3431 919 3500 πείσματα,
964 3432 1247 3499 pontoium

226 3511 493 3580 πέλματα,
521 3507 785 3562 Palladius
800 3511 1004 3560 remeia.
1030 3509 1169 3561 Dni.

313 3607 337 3642 1
350 3607 405 3656 9.
426 3589 711 3658 Aigkacos.
725 3587 923 3642 Grecis
944 3588 1217 3658 ἀιιγλιῦκος
1230 3628 1246 3650 ,

228 3667 411 3720 vinum
437 3665 589 3738 quod
602 3679 681 3720 cst
697 3685 907 3738 semper
926 3664 1083 3719 dulce
1098 3705 1114 3728 ,
1140 3667 1250 3718 sive

228 3759 492 3810 mustum,
519 3747 649 3818 quia
672 3745 875 3800 fervere
896 3745 1209 3816 prohibetur
1230 3761 1243 3796 :

228 3844 345 3880 nam
374 3826 588 3880 fervere
606 3839 775 3880 musta
800 3825 1070 3890 dicuntur,
1084 3842 1248 3896 quum

226 3906 280 3970 iu
312 3907 437 3960 vius
464 3915 755 3960 transeunt.
783 3903 961 3960 Han.

1422 2336 1508 2370 no.
1539 2317 1590 2368 E
1605 2317 1730 2369 lacu.
1757 2316 1905 2382 Quid
1933 2317 2074 2370 lacus
2097 2319 2192 2382 sit,
2220 2317 2356 2370 dixi·

1337 2414 1457 2448 mus
1501 2415 1622 2466 cap.
1669 2413 1722 2466 7.
1747 2397 1918 2448 Habet
1947 2398 2030 2450 his
2059 2397 2258 2468 aliquid
2284 2399 2355 2450 si-

1338 2477 1469 2528 mile
1490 2477 1792 2546 Cato‚cap.
1825 2493 1954 2539 120,
1981 2495 2100 2547 pag.
2127 2477 2220 2528 65.
2247 2477 2313 2527 Η.

1416 2574 1508 2608 21.
1537 2554 1702 2616 Genus
1728 2557 1928 2624 ejmper
1946 2573 2012 2606 se.
2045 2555 2228 2608 Genus
2251 2557 2360 2607 vini

1336 2633 1486 2706 quod
1523 2646 1708 2687 ustura
1744 2651 1836 2684 sua
1879 2651 1940 2684 ac
1982 2647 2204 2704 sponte,
2244 2635 2358 2686 sine

1336 2714 1443 2766 ulla
1475 2711 1869 2784 propemodum
1900 2724 2010 2764 erte
2033 2751 2048 2776 ,
2091 2712 2357 2782 ejusmodi

1336 2805 1416 2846 est
1473 2794 1630 2864 quale
1693 2791 2002 2843 Graecorum
2062 2792 2358 2861 ὰιιγλιῦκος.

1336 2873 1496 2926 Nunc
1529 2870 1800 2942 appellant
1833 2871 1879 2921 te
1911 2873 2002 2922 viu
2030 2869 2162 2922 dous:
2187 2870 2247 2921 de
2274 2873 2357 2922 Li-

1338 2969 1482 3002 mouae
1495 2990 1512 3014 ‚
1553 2951 1665 3004 sive
1717 2949 1990 3020 blanquette
2029 2951 2090 3002 de
2135 2949 2358 3004 Limooex.

1335 3032 1472 3082 Item
1491 3069 1508 3092 ‚
1547 3030 1592 3081 {e
1618 3031 1706 3080 vin
1731 3040 1916 3080 museat
1949 3029 2172 3082 d'Aze‘le.
2218 3030 2361 3082 Vide

1334 3109 1403 3163 G.
1435 3125 1514 3161 mr
1557 3109 1776 3171 cin-nr,
1803 3107 1924 3160 hist.
1965 3107 2235 3180 langued.
2263 3111 2361 3163 lib.

1338 3190 1389 3250 1,
1424 3207 1543 3260 pag.
1577 3186 1666 3250 43.
1694 3185 1878 3243 Ηιιιο.

1419 3287 1510 3320 22.
1539 3267 1774 3320 podice-10
1814 3271 2008 3320 intorto.
2053 3269 2210 3321 Hunc
2246 3287 2361 3320 mo-

1336 3365 1448 3399 rem
1481 3365 1513 3400 e
1539 3345 1878 3400 Cretensibus
1907 3346 1961 3399 in
1988 3365 2083 3400 sua
2111 3347 2362 3400 Malvasia

1334 3425 1606 3497 hodieque
1629 3426 1825 3479 servari
1861 3425 1994 3479 dicit
2027 3425 2195 3480 Andr.
2231 3429 2364 3480 Bac·

1332 3505 1481 3568 cius,
1508 3506 1602 3559 lib.
1635 3507 1699 3570 1,
1738 3523 1855 3575 cap.
1891 3509 1958 3569 8,
1986 3523 2106 3577 pag.
2143 3527 2227 3559 ια.
2253 3506 2320 3559 Η.

1420 3586 1514 3638 ²3.
1543 3586 1832 3637 Helvenaea.
1878 3586 1983 3638 Seu
2009 3586 2230 3638 Helviea
2249 3625 2264 3650 ,
2303 3598 2362 3638 ut

1335 3663 1540 3718 dictum
1569 3677 1647 3717 eet
1672 3683 1788 3735 cap.
1822 3658 1878 3718 3'.
1909 3661 2090 3718 Hau.

1422 3754 1514 3807 aa.
1547 3737 1644 3796 His
1681 3745 1930 3814 adjiciunt.
1973 3743 2070 3796 His
2115 3745 2364 3798 vinorum

1339 3823 1580 3878 dulcium
1609 3825 1910 3894 generibus.
1944 3821 2124 3875 Hsno.

1428 3906 1518 3958 25.
1572 3904 1870 3974 Diachyton.
1905 3901 2198 3954 Columella
2219 3939 2234 3964 ‚
2267 3901 2362 3954 lib.

1979 3994 2102 4078 21³
