2850 4684
449 350 539 423 28

993 360 1068 427 C.
1123 356 1437 432 PLINII
1487 359 2013 429 NA'1.HIS'1.

368 470 384 477 ’
443 484 606 555 folio
669 485 871 572 lauri,
926 488 1132 559 odore
1189 514 1394 584 equos
1450 490 1804 578 invitante,
1856 491 1969 583 qui
2020 510 2207 583 paene
2274 486 2573 583 equitatu

447 580 748 661 orbavit⁴
791 592 1234 664 Alexandrum
1283 598 1500 691 primo
1560 598 1834 665 introitu
1878 622 1895 665 ε

1955 595 2135 689 quod
2186 610 2253 664 et
2310 596 2381 664 in
2424 596 2571 666 Ge-

445 698 656 767 drosis
725 700 977 771 accidit.
1055 705 1226 771 Item
1305 701 1563 791 laur-ino
1632 688 1833 771 folio⁵
1888 716 1955 772 et
2018 702 2111 771 ibi
2168 702 2357 797 spina
2436 716 2570 769 tra-

443 804 580 874 dita
619 821 745 889 est,
789 807 978 899 cujus
1019 807 1234 902 liquor
1271 834 1575 903 aspersus
1612 807 1863 892 oculiS‚
1903 809 2261 878 caecitatem
2296 807 2575 876 inferret

443 913 749 982 omnibus
786 914 1196 983 animalibuS.
1251 918 1534 984 Necnon
1581 931 1649 985 et
1688 900 1931 984 herba⁶
1984 915 2301 1009 praecipui
2346 912 2572 983 odoris

441 1094 680 1163 ὑπόζὺγια
707 1092 790 1147 καὶ
819 1097 971 1156 ὁτιοῦν
1015 1092 1056 1145 εἰ
1097 1093 1261 1162 φάγοι,
1293 1114 1459 1165 μικρον

445 1178 717 1244 ἐτι-ἴσχοντα
750 1172 1071 1243 διεφθείρετο,
1104 1174 1462 1243 παραπλησίως

446 1255 765 1327 διατιθέμενοι
790 1254 875 1307 καὶ
902 1255 1146 1317 σπώμενα
1165 1254 1340 1323 ὁμοίως
1361 1272 1462 1313 τοις

449 1337 750 1395 iveti-Among.
785 1334 955 1405 Hujus
996 1332 1190 1403 plantae
1223 1332 1467 1386 meminit

446 1434 660 1489 quoque
690 1414 900 1477 Strabo,
927 1412 1019 1463 lib.
1050 1411 1196 1464 XV:
1229 1419 1298 1465 Ην
1321 1408 1385 1463 δε·
1417 1434 1464 1466 τι

447 1498 606 1567 ὅμοιον
640 1501 702 1564 τῇ
729 1490 892 1563 δάφνῃ
921 1494 1081 1563 φυτὸν,
1111 1512 1162 1544 ου
1200 1494 1255 1543 τὸ
1278 1494 1461 1563 γευσά-

449 1595 588 1628 μενον
629 1582 724 1626 τῶν
754 1572 1020 1639 ὑποζυγίων
1047 1574 1320 1626 ἀπέθνησκε
1351 1579 1463 1641 μετ’

445 1654 702 1718 ἐπιληψίας
728 1652 810 1705 καὶ
839 1653 1007 1721 ἀφροῦ.
1036 1652 1114 1703 De
1139 1652 1243 1702 hoc
1272 1650 1463 1703 frutice

443 1733 582 1787 nihil
607 1734 736 1785 certi
761 1730 1257 1802 comperimus.En.
1279 1761 1357 1772 —-
1373 1730 1431 1781 'N
1434 1750 1463 1782 e

442 1814 499 1875 id
525 1812 788 1885 intelligas
812 1809 880 1863 de
905 1810 1162 1881 raphano,
1185 1810 1228 1860 le
1249 1812 1462 1874 wesfort,-

442 1891 536 1946 sed
558 1890 626 1944 de
649 1892 904 1954 brassica,
947 1891 990 1941 le
1016 1890 1135 1941 cleon
1155 1910 1174 1940 .-
1201 1908 1318 1961 quae
1348 1891 1463 1959 ple-

443 1990 671 2045 rumque
715 1972 906 2024 misere
945 1966 1192 2023 confudit
1237 1970 1461 2021 Plinius.

440 2050 610 2104 Bnor.
639 2084 720 2094 —
739 2050 864 2104 vid.
897 2048 1042 2121 quod
1069 2066 1228 2119 supra
1257 2047 1464 2101 dictum

439 2144 535 2185 est.
569 2130 671 2184 En.

527 2216 580 2273 4.
621 2212 860 2283 Equitum
890 2208 1091 2259 orbavit.
1133 2204 1296 2271 Quod
1325 2226 1462 2278 prae·

443 2290 600 2342 sentis
623 2308 778 2342 noxae
797 2306 1055 2339 venenum
1079 2284 1136 2340 id
1153 2288 1288 2339 soret
1314 2306 1326 2337 :
1355 2292 1463 2339 τοῦ·

442 2389 499 2422 το
514 2366 571 2423 δὲ
586 2366 636 2433 εἴ
649 2390 719 2429 τις
746 2374 910 2438 φάγοι,
923 2366 1461 2423 ἐναποθνήσκειῌᾚεο-

440 2448 642 2520 phrast.
663 2448 796 2502 ibid.
815 2446 994 2505 Huxn.
1201 2454 1208 2464 ’

526 2531 577 2581 5.
613 2526 977 2592 Laterinosole'o.
1000 2527 1065 2577 In
1085 2525 1457 2597 antiquissimis

438 2606 594 2661 MSS.
623 2619 675 2664 et
695 2608 931 2677 probatae
957 2602 1102 2669 fidei,
1135 2605 1262 2674 Reg.
1306 2623 1356 2659 ι,
1391 2624 1457 2671 ²3

438 2688 602 2741 Paris.
629 2700 732 2740 etc.
757 2690 866 2739 item
886 2686 1010 2739 lario
1029 2684 1174 2751 solio.
1202 2684 1258 2735 Si
1283 2684 1459 2735 Theo·

436 2768 709 2839 phrastum
741 2764 1007 2822 audimus,
1039 2768 1146 2818 item
1174 2764 1458 2830 nullosole‘o

439 2845 779 2900 scribendum
807 2846 936 2898 suit:
955 2844 1030 2895 sic
1045 2844 1184 2895 enim
1209 2842 1300 2894 ille
1319 2844 1454 2895 Hist.

435 2925 607 2979 Plant.
646 2927 746 2989 IV,
781 2924 810 2976 5
853 2942 868 2975 :
901 2914 1080 2991 ὲτίραν
1114 2920 1195 2975 καὶ
1240 2922 1453 2975 ἄκανθάν

435 3025 551 3059 τινα
598 3000 736 3062 εἶναι·
775 3005 960 3057 ταύτην
991 3004 1158 3069 φύλλον
1198 3002 1282 3071 μὲν
1317 2998 1453 3055 οὐδὲν

435 3086 582 3153 ἔχειν·
613 3084 874 3155 πεφυκέναι
901 3076 960 3132 δὲ
1005 3082 1060 3133 ἐκ
1090 3084 1205 3150 μιᾶς
1245 3081 1452 3155 (ait-nem.

435 3164 551 3217 ὀπὸν
596 3166 743 3234 ἐκρεῖν
784 3161 963 3224 πολὺν,
989 3162 1039 3219 ὃς
1081 3162 1350 3231 ἀποτυφλοῖ
1387 3162 1455 3214 τὰ

435 3244 561 3296 ἄλλα
591 3247 694 3305 ζῶα
721 3242 908 3294 πάντα.
942 3241 1146 3292 «Aliam
1174 3253 1346 3293 autem
1371 3262 1449 3295 es-

432 3342 488 3375 se
514 3324 717 3394 spinam
735 3356 752 3381 ,
778 3320 908 3373 folio
938 3319 1106 3381 nullo,
1133 3319 1309 3376 radice
1337 3322 1448 3374 sin·

431 3402 657 3473 gulari...
693 3419 905 3453 succum
945 3418 1008 3452 ex
1037 3418 1095 3452 ea
1119 3401 1342 3452 multum
1369 3402 1445 3453 ef-

430 3482 628 3545 fluere,
664 3480 757 3553 qui
784 3480 1065 3532 caecitatem
1095 3480 1311 3551 reliquis
1336 3482 1446 3532 ani-

430 3562 656 3613 malibus
689 3561 909 3623 inferat,
952 3572 1048 3612 etc.
1081 3560 1330 3612 »Hum-
1363 3590 1445 3603 --·

429 3640 578 3693 Hanc
607 3640 763 3710 paulo
787 3640 937 3691 aliter
967 3637 1218 3691 describit
1237 3640 1444 3705 Strabo,

429 3721 532 3773 loc.
562 3740 677 3791 sup.
709 3717 852 3772 laud.
879 3709 1078 3771 Ᾰκανθα
1105 3714 1162 3772 δὲ
1190 3739 1300 3779 τους
1323 3739 1442 3790 καρ-

361 3795 370 3807 ’
428 3821 550 3861 πους
579 3800 659 3855 ἐπὶ
691 3804 777 3861 τῆς
809 3806 900 3869 γῆς
931 3799 1206 3869 ἐστρωμένη
1237 3790 1329 3867 (al.
1358 3820 1441 3851 κι-

426 3882 647 3951 χυμένη
637 3869 673 3944 l,
701 3880 920 3949 καθάπερ
962 3880 1002 3930 οἱ
1041 3881 1224 3943 σίκυοι,
1255 3880 1438 3949 πλήρης

423 3958 479 4018 ἦν
503 3964 638 4015 ὀποῦ·
653 3962 818 4013 τούτου
833 3954 891 4011 δὲ
909 3952 1100 4029 ῥανίδες
1125 3962 1171 4019 ἃς
1195 3958 1436 4031 ὀφθαλμὸν

1548 1096 1883 1163 immaturas,
1943 1096 2044 1145 πᾶν
2093 1093 2391 1163 ἀπετύφλουν
2426 1095 2568 1153 ζῶον.

1548 1172 1799 1226 Fructum
1827 1174 1976 1225 humi
1996 1175 2199 1244 jacere,
2228 1186 2280 1225 et
2294 1174 2571 1226 cucumeri

1548 1253 1770 1306 similem
1794 1272 1925 1318 esse,
1944 1265 2080 1305 tacet
2098 1252 2449 1323 Theophrast.
2466 1250 2569 1305 Hic

1548 1350 1677 1386 vero
1718 1330 1850 1386 duas
1894 1332 2101 1403 plantas
2140 1330 2437 1385 confudisse
2463 1331 2573 1384 Pli-

1548 1413 1701 1466 nium
1728 1425 1871 1465 recte
1900 1410 2126 1466 Bodaeus
2161 1408 2569 1477 animadvertit;

1550 1511 1707 1544 unam
1726 1492 1853 1544 folio
1866 1492 2024 1556 lauri,
2045 1510 2203 1563 quam
2222 1491 2570 1563 epilepticum

1550 1572 1797 1625 morbum
1834 1572 2003 1625 facere
2044 1570 2208 1624 tradit
2248 1570 2564 1641 Theophra-

1549 1663 1692 1715 stus;
1738 1666 1790 1705 et
1835 1652 2039 1722 spinam
2088 1651 2201 1703 sine
2250 1650 2418 1713 foliis,
2468 1670 2567 1703 cu·

1543 1730 1629 1801 jus
1659 1750 1720 1783 ex
1761 1730 1917 1785 nodis
1954 1730 2229 1795 aculeatis,
2268 1730 2445 1783 fracti·
2474 1731 2571 1783 tri-

1550 1811 1751 1881 tisque,
1799 1811 1995 1864 lacteus
2023 1824 2231 1865 emanat
2263 1810 2446 1882 liquor
2471 1812 2567 1881 qui

1550 1891 1834 1943 caecitatem
1876 1890 2051 1943 infert.
2102 1890 2207 1943 En.
2249 1918 2332 1929 -—
2368 1890 2568 1942 Emen-

1552 1968 1703 2035 dari,
1758 1972 1889 2023 nullo
1928 1971 2093 2037 solio,
2150 1968 2300 2040 jubet
2346 1987 2567 2041 quoque

1549 2048 1855 2111 Broterius‚
1882 2068 1981 2103 nec
2008 2062 2181 2103 tamen
2224 2048 2279 2099 in
2314 2062 2567 2103 contextu

1534 2126 1971 2181 emendationem
1999 2129 2236 2199 recipere
2254 2126 2441 2193 audet3
2464 2146 2567 2181 nec

1548 2227 1645 2260 nos
1668 2209 1723 2261 in
1740 2210 1835 2262 hac
1861 2228 2040 2262 rerum
2066 2208 2410 2271 obscuritate,
2432 2208 2565 2261 tanti

1547 2306 1657 2340 esse
1699 2288 1963 2341 credimus
2010 2308 2039 2340 a
2086 2288 2295 2357 vulgata
2336 2285 2564 2339 lectione

1546 2366 1832 2420 discedere.
1845 2370 1969 2419 Mox
1987 2386 2087 2437 pro
2101 2362 2312 2433 insti-ret,
2322 2384 2384 2419 ex
2400 2365 2561 2419 codd.

1544 2446 1671 2518 Reg.
1693 2457 1743 2499 et
1762 2446 1890 2500 edit.
1917 2446 2172 2517 principe,
2203 2444 2558 2514 insert,Chiffl.

1541 2539 1871 2597 repugnante
1889 2526 2156 2579 Brotcrius
2172 2524 2358 2580 edidit.
2371 2524 2560 2577 En.—

1548 2605 1698 2673 Cujus
1722 2607 1894 2677 liquor.
1924 2606 2169 2671 Lacteus,
2202 2625 2233 2659 e
2256 2602 2412 2658 nodis
2430 2622 2561 2659 acu-

1543 2683 1720 2749 leatis,
1777 2685 1953 2738 fractis
1994 2684 2193 2739 tritisve
2248 2702 2555 2755 expressus:

1542 2762 1788 2835 Theoph.
1825 2764 1976 2818 Idem
2024 2764 2181 2818 refert
2226 2762 2414 2817 Strabo
2459 2764 2555 2819 lib.

1542 2842 1678 2905 XV;
1705 2842 1797 2897 sed
1836 2846 2032 2916 spina,
2068 2836 2219 2915 cujus
2255 2846 2431 2915 liquor
2462 2864 2555 2898 ex·

1542 2939 1727 2991 caecat,
1773 2926 2004 2977 fructum
2057 2922 2210 2975 humi
2248 2925 2419 2994 jacere
2436 2962 2453 2990 ‚
2499 2936 2557 2978 et

1540 3004 1809 3056 cucumeri
1822 3004 2043 3057 similem
2068 3020 2177 3055 esse
2196 3002 2385 3068 tradit,
2403 3001 2555 3075 quod

1540 3096 1676 3137 tacet
1694 3084 2106 3155 Theophrastus,
2134 3084 2336 3135 Dante.

1625 3166 1677 3216 6.
1702 3164 1901 3215 Necnon
1940 3176 1986 3214 et
2014 3162 2155 3213 lter-ba
2176 3165 2413 3233 proece'pui
2434 3162 2554 3215 odo·

1534 3248 1633 3307 ris,
1663 3256 1761 3295 etc.
1793 3243 1858 3294 In
1886 3241 2162 3295 maritimis
2186 3260 2356 3295 arenoe
2380 3255 2557 3295 tumu-

1532 3324 1597 3375 lis
1622 3321 1894 3375 Gedrosiae
1914 3341 2146 3377 nascens.
2178 3322 2382 3374 Strabo.
2414 3324 2551 3375 Du..

1533 3435 1611 3445 -·
1653 3402 1821 3452 Herba
1858 3404 2091 3473 praecipui
2134 3402 2293 3453 odoris
2348 3403 2549 3468 referta,

1532 3495 1631 3534 etc.
1647 3482 2078 3554 Theophrastus,
2098 3480 2194 3533 lib.
2212 3482 2311 3539 lv,
2340 3500 2455 3552 cap.
2476 3482 2551 3534 5·

1530 3550 1593 3613 ὲν
1613 3556 1671 3613 δε
1696 3563 1859 3622 τόποις
1882 3560 1979 3613 τισὶ
2003 3580 2264 3615 πεουκεναι
2278 3580 2387 3613 τινα
2407 3558 2464 3614 ee.
2442 3561 2558 3615 τά·

1528 3661 1611 3696 νην
1634 3643 1704 3711 ἐφ’
1732 3631 1765 3706 ’ᾗ
1796 3644 2258 3709 συνεσπειραμένους
2282 3632 2409 3711 (leg.
2431 3642 2553 3695 Sca-

1528 3720 1620 3791 lig.
1644 3714 2257 3791 συσπειρομίνους)ὄφεις’
2216 3740 2335 3773 ειναι
2356 3741 2553 3791 lampone

1529 3795 1722 3870 σφόδρα
1742 3822 1754 3835 ·
1790 3802 1974 3861 τούτοις
1998 3796 2055 3853 δὲ
2083 3800 2126 3852 εί
2157 3821 2228 3861 τις
2250 3797 2406 3871 {pecie
2428 3808 2555 3858 πλη-

1526 3881 1660 3972 γείη,
1710 3880 1945 3938 θνήσκειν.
1996 3880 2197 3933 Harum
2245 3886 2551 3952 serpentum

1526 3958 1654 4013 item
1674 3960 1913 4013 meminit
1929 3958 2119 4014 Strabo
2134 3998 2153 4025 ‚
2169 3960 2287 4011 loco
2306 3960 2549 4033 proxime
