2850 4684
1003 405 1551 473 Excmzsus
1603 406 1655 471 1.
2253 402 2399 500 649

501 536 744 601 Quercus
771 535 1032 589 nimirum
1069 536 1242 589 Robur
1269 548 1326 589 et

502 616 746 680 Quercus
777 616 1102 687 pedunculata
1120 652 1137 679 ,

255 719 560 791 praesertim
595 719 639 773 si
669 721 781 787 nil,
823 734 1018 792 preter
1049 720 1461 792 amplitudinem
1478 758 1494 787 ,
1532 720 1936 791 proceritatem,
1966 720 2211 773 umbram
2240 738 2400 773 amm·

255 818 384 852 nam
423 812 579 871 atque
615 816 868 853 annosam
908 813 1169 854 senectam
1207 800 1469 853 laudatur.
1516 799 1629 852 Ubi
1672 818 1799 853 vero
1839 800 2061 855 durities
2084 800 2319 853 materiei
2346 814 2400 854 et

256 878 466 932 utilitas
486 918 504 943 ,
555 879 650 931 ubi
695 880 990 952 frequentia
1049 882 1220 949 major
1270 878 1340 933 ad
1390 880 1568 932 fontes
1622 893 1779 951 atque
1822 880 1879 932 in
1934 880 2061 933 locis
2104 880 2396 933 humilibus

257 958 609 1029 praedicatur,
639 959 716 1013 ibi
747 960 854 1025 Qu.
887 960 1258 1030 pedum-alatam
1293 950 1527 1012 nostram
1573 959 1799 1030 intelligi
1844 961 2175 1030 exploratum
2206 959 2395 1013 habeo.

259 1037 571 1091 Occurrunt
624 1051 801 1092 tamen
845 1050 924 1091 tot
974 1050 1236 1109 tantaeque
1275 1039 1552 1110 utriusque
1596 1040 1789 1111 speciei
1828 1039 2103 1092 varietates
2121 1076 2138 1103 ,
2186 1050 2249 1091 ut
2288 1038 2395 1103 Qu.

255 1118 430 1170 Robur
467 1120 760 1189 prasertim
814 1118 1003 1189 saepius
1050 1118 1307 1172 humilior
1357 1120 1672 1172 observetur
1690 1157 1707 1185 ‚
1743 1118 2069 1189 petiunculam
2119 1136 2249 1171 vero
2306 1137 2397 1171 ex·

260 1198 473 1251 celsior.

338 1278 582 1349 Utraque
628 1276 789 1349 igitur
827 1294 1118 1353 quercuum
1167 1278 1374 1350 species
1412 1297 1475 1331 ea
1510 1291 1587 1332 est
1605 1316 1622 1345 ‚
1662 1296 1821 1349 quam
1866 1290 2037 1349 poetas
2084 1278 2157 1331 ob
2202 1276 2397 1331 radicis

254 1356 656 1428 longitudinem
688 1369 742 1409 et
773 1356 1110 1411 altitudinem
1150 1357 1402 1424 laudant,
1435 1377 1557 1430 quae
1588 1370 1733 1412 tanta
1774 1369 1881 1425 est,
1924 1368 1985 1411 ut
2008 1369 2063 1410 et
2102 1368 2397 1420 nostratem

257 1437 354 1507 qui
383 1437 558 1508 sylvas
581 1449 803 1501 curant,
832 1435 1044 1491 tradant
1073 1436 1168 1491 has
1206 1439 1421 1491 arbores

708 1578 935 1591 ........
946 1554 1172 1619 quantum
1194 1545 1369 1593 vertice
1392 1546 1456 1593 ad
1481 1562 1617 1593 auras

691 1618 945 1667 Anthemu
961 1652 974 1675 ,
1004 1628 1185 1665 tantum
1206 1618 1363 1666 radice
1388 1620 1440 1665 iu
1460 1623 1652 1667 Tartara

257 1726 495 1783 tendere.
531 1728 696 1794 Quod
723 1747 850 1783 vero
885 1727 1214 1801 ὑπιρόολυιῶς
1247 1729 1453 1783 dictum
1498 1728 1567 1783 de
1612 1727 1913 1783 incredibili
1962 1729 2073 1783 fere
2118 1694 2399 1782 altitudine

257 1805 501 1860 radicum
547 1809 700 1862 valet.
747 1810 1011 1863 Homerus
1048 1812 1158 1881 jam
1189 1808 1565 1863 fortitudinem
1604 1810 1831 1863 heroum
1856 1810 1913 1861 in
1939 1808 2133 1881 pugnis
2164 1806 2397 1879 perbelle

255 1888 332 1941 its
356 1888 613 1958 exprimit
631 1878 717 1958 (1)
745 1906 760 1941 :

498 1994 733 2059 fiet-aem
758 2009 822 2067 ὣς
864 2006 946 2059 ὅτι
979 2026 1034 2058 τι
1068 2002 1212 2077 &pute
1237 2007 1420 2077 οὔρεσιν
1450 2006 1764 2075 ὑψικάρηνοι,

499 2086 614 2167 οΑἶτ·’
639 2086 816 2157 ἄνεμον
857 2086 1085 2157 μίμνουσι
1109 2085 1194 2138 καὶ
1218 2088 1357 2139 ὑετὸν
1391 2087 1573 2155 ἤματα
1601 2084 1803 2151 πάντα,

499 2166 692 2233 Ρίζῃσιν
724 2166 967 2237 ‘tn-semum
988 2162 1294 2223 διηνεκίισσ’
1320 2167 1566 2237 ἀραρυῖαι.

255 2281 484 2336 vossius
513 2300 528 2333 ε

486 2422 622 2436 .....
631 2390 744 2436 Also
764 2391 900 2438 stehn
919 2390 1249 2452 hoehwipflige
1273 2391 1449 2437 Eichen
1481 2390 1565 2436 der
1586 2392 1737 2453 Berge
1751 2424 1766 2447 ,

477 2464 672 2511 Welcbe
699 2464 792 2510 den
821 2466 980 2511 sturm
1000 2466 1254 2511 ausbarreu
1277 2465 1379 2511 und
1401 2466 1767 2525 Regenscbauer
1787 2466 2033 2528 bestiindig
2046 2501 2062 2521 ‚

479 2538 764 2599 Eiugeseukt
783 2538 870 2584 mit
889 2554 1084 2599 grossen
1105 2539 1207 2585 und
1228 2539 1419 2585 weithin
1440 2540 1728 2586 reicbenden
1748 2542 1989 2587 Wurzeln.

261 2651 408 2703 Hinc
439 2663 492 2704 et
522 2651 790 2721 βαθΰρῥιζοι
819 2650 1009 2721 sapius
1033 2649 1318 2702 Veteribus
1351 2646 1623 2703 dicuntur.

339 2730 581 2801 Utraque
611 2746 840 2800 quercus
864 2731 937 2782 ob
976 2746 1231 2781 annosam
1257 2741 1523 2781 senectam
1552 2728 1836 2781 Veteribus
1872 2748 2012 2782 sacra
2029 2768 2047 2793 ‚
2073 2742 2127 2782 et
2154 2730 2225 2782 ob
2253 2741 2401 2783 tene-

257 2808 522 2863 bricosam
559 2807 834 2863 frondium
867 2808 1109 2861 umbram
1145 2826 1210 2861 eo
1247 2808 1516 2868 inserviit,
1546 2821 1607 2861 ut
1632 2809 1729 2861 sub
1758 2806 1943 2861 eadem
1986 2806 2131 2861 idola
2171 2809 2407 2861 coleren-

260 2902 372 2942 tur.
407 2890 547 2942 Hinc
591 2888 883 2961 praesertim
927 2888 1078 2940 lucus
1128 2886 1252 2940 Jovi
1287 2886 1490 2940 dicatus
1513 2926 1529 2952 ,
1566 2888 1639 2939 ob
1692 2886 2083 2959 antiquissimas
2133 2906 2361 2959 quercus
2384 2926 2401 2949 ,

261 2966 504 3022 Dodona!
545 2969 600 3021 in
629 2968 867 3023 Chaonia
910 2966 1094 3039 Epiri,
1133 2966 1500 3020 celebrabatur
1520 2960 1622 3033 (α).
1660 2967 1797 3019 Hinc
1846 2968 2153 3038 quercubus
2195 2966 2405 3020 inhabi-

261 3060 374 3101 tare
402 3048 697 3121 nymphas,
731 3065 861 3119 quas
888 3047 1144 3118 peculiari
1187 3046 1408 3100 nomine
1446 3042 1675 3117 Δρυάδας
1692 3088 1707 3113 ,
1734 3040 2079 3117 Age-adpositi&
2098 3085 2113 3111 ,
2138 3036 2406 3117 Euty-mei-

261 3124 360 3189 δας
389 3140 482 3181 aut
509 3123 748 3189 Ναῖάδας
775 3127 1118 3199 appellabant
1137 3164 1154 3190 ‚
1173 3139 1377 3180 veteres
1420 3126 1597 3179 Groeci
1624 3126 2017 3179 arbitrabantur
2032 3118 2137 3194 (3).
2162 3125 2270 3179 Has
2312 3145 2407 3179 au-

263 3220 370 3259 tem
405 3208 515 3260 fere
551 3226 657 3259 una
696 3226 820 3260 cum
849 3204 1157 3278 quercubus
1193 3224 1305 3259 esse
1342 3218 1521 3271 ustas,
1567 3206 1753 3259 iisdem
1781 3205 2097 3276 invigilare3
2137 3205 2401 3277 gaudere,

261 3304 428 3357 quum
475 3286 738 3339 imbribus
785 3306 1012 3359 quercus
1050 3286 1394 3351 nutriuntur,
1432 3284 1561 3339 flere
1594 3304 1751 3356 vero,
1780 3284 1911 3339 dum
1948 3284 2205 3341 decidunt
2243 3288 2367 3339 folia
2388 3324 2409 3352 ,

263 3366 617 3419 Callimachus
651 3366 922 3420 fabulatur
960 3356 1050 3435 (4)
1078 3384 1092 3419 :

500 3469 546 3541 ᾗ
583 3491 627 3559 ῥ’
658 3490 790 3541 ἐτεὸν
827 3490 1044 3559 ἐγίνοντο
1079 3489 1192 3541 τότε
1219 3483 1394 3558 δρύες,
1428 3487 1575 3544 ἡνίκα
1599 3487 1814 3557 νύμφαι·

501 3570 705 3640 Νύμφαι
737 3569 822 3638 μὶν
863 3568 1140 3638 χαίρουσιν,
1171 3568 1252 3620 ὅτι
1289 3563 1446 3639 &priate
1478 3564 1658 3637 ὅμὸρος
1690 3568 1847 3632 ἀίξαι,

496 3650 702 3718 Νύμφαι
729 3640 784 3700 δ”
803 3643 866 3701 αὖ
897 3646 1179 3710 κλαίουσιν,
1214 3648 1297 3700 ὅτι
1341 3644 1511 3717 δρυσὶν
1544 3649 1631 3699 οὐκ
1672 3648 1745 3699 ἔτι
1786 3650 1958 3717 φύλλα.

323 3772 400 3833 (1)
427 3772 484 3817 11.
517 3773 598 3825 Μ,
641 3770 744 3819 132.

320 3846 393 3906 (a)
423 3846 728 3911 Pausaurlib.
753 3847 870 3892 vm
887 3877 902 3897 ,
931 3862 973 3891 c.
1002 3846 1060 3891 23
1077 3879 1090 3899 ,
1111 3860 1166 3905 p.
1189 3844 1305 3900 4153
1333 3855 1447 3891 tom.
1472 3845 1519 3890 11
1540 3877 1557 3897 ,
1580 3844 1656 3890 ed.
1677 3845 1783 3889 Fac.

322 3920 392 3981 (3)
421 3921 576 3967 Schol.
597 3922 815 3983 Apollon.
842 3920 998 3967 Rbod.
1023 3922 1279 3981 Argonaut.
1307 3920 1390 3967 tib.
1413 3922 1459 3967 11
1474 3954 1487 3973 ‚
1511 3920 1573 3966 ad
1594 3936 1639 3965 v.
1657 3928 1765 3981 479.

326 3995 396 4055 (4)
427 3996 597 4054 Hymu.
620 3995 672 4041 in
691 3996 886 4049 Delum,
916 4012 962 4042 v.
985 3994 1076 4049 83,
1096 4012 1132 4040 s.
